3504 6004
328 501 401 572 278
885 512 1087 565 munaus

409 693 517 771 Agitur
538 691 569 750 in
592 699 783 750 monumento
812 689 849 747 de
874 687 1016 746 nundinis
1039 685 1230 745 instituendis
1252 687 1459 764 habendieque
1485 691 1514 745 ia
1540 692 1674 764 provin·
1733 699 1734 702 ’

326 801 372 855 oia
392 794 497 872 Africa
518 797 632 871 regiona
653 793 799 869 Begumsi
820 793 961 850 territorio
982 789 1222 848 Musulamiorum
1250 791 1291 847 od
1314 789 1403 849 Cosas
1431 791 1479 849 vel
1505 799 1541 849 ut
1573 809 1674 868 snpra

327 900 428 958 minus
449 907 587 957 accurate
607 895 788 971 breviusque
810 893 920 952 dicitur
943 894 977 951 da
997 893 1133 950 nundinis
1155 890 1249 950 saltus
1271 891 1429 968 Bequmsts
1456 897 1487 951 im
1513 898 1673 952 territorio

330 1002 457 1062 ausari.
500 997 673 1058 Musulamii
705 997 824 1074 saepius
856 1003 1134 1054 commemorantur.
1186 991 1299 1052 Narrat
1331 995 1411 1052 enim
1438 993 1600 1072 Florus1)
1637 998 1674 1056 de
1733 1017 1734 1046 1

327 1107 482 1181 Augusto:
516 1102 568 1160 suh
594 1100 752 1158 meridiano
780 1097 978 1182 hamultuotam
1002 1099 1095 1172 magia
1123 1115 1209 1172 quam
1231 1095 1364 1155 ballatam
1385 1108 1434 1156 sst.
1478 1097 1672 1158 Musulamos

327 1218 412 1283 atqua
441 1203 578 1265 Gaetulos
604 1201 716 1264 accolas
743 1200 871 1276 Syrtium
904 1197 993 1258 Cosso
1021 1200 1093 1258 duos
1122 1203 1305 1274 compescuit,
1336 1217 1426 1274 quam
1455 1201 1624 1260 victoriam
1654 1221 1672 1259 a

327 1307 444 1366 Velleio
465 1306 566 1364 Dione
590 1303 698 1363 Oresio
720 1320 838 1380 quoque
860 1308 1123 1360 commemoratam
1139 1298 1255 1360 Cossus
1278 1299 1339 1358 ab
1362 1303 1536 1377 reportavit.
1584 1301 1673 1376 Quae

327 1411 375 1469 hic
402 1411 438 1468 de
460 1408 580 1468 sedibus
609 1405 858 1465 Musulamiorum
886 1403 1056 1464 reseruntur
1082 1420 1142 1461 non
1171 1403 1212 1461 ita
1240 1403 1443 1482 intellegenda
1471 1415 1544 1463 sunt
1580 1408 1672 1481 quasi

328 1529 403 1590 gens
435 1511 488 1570 illa
520 1511 551 1568 in
584 1526 637 1567 ora
668 1507 818 1566 maritima
850 1506 1031 1565 habitaverit
1061 1504 1110 1564 vel
1141 1504 1172 1562 in
1203 1505 1342 1582 partibus
1371 1506 1493 1565 Africae
1521 1504 1672 1584 Syrtibus
1733 1495 1734 1560 i

327 1613 488 1692 proximis:
516 1611 619 1670 rhetor
639 1610 794 1669 Romanus
820 1611 856 1668 de
883 1608 1067 1687 geographia
1093 1607 1214 1665 Africae
1241 1608 1320 1666 idem
1347 1607 1409 1667 lere
1437 1609 1565 1668 novisse
1589 1611 1670 1669 vide·

329 1725 378 1775 tur
405 1713 485 1792 quod
514 1721 633 1772 nostrae
660 1713 768 1771 aetatis
794 1711 852 1770 viri
881 1710 961 1770 docti
989 1710 1124 1786 plerique
1152 1710 1266 1782 sciunt,
1300 1709 1415 1768 scilicet
1444 1731 1511 1770 eam
1542 1713 1670 1772 meridie

329 1819 421 1877 maris
451 1816 600 1894 Tyrrheni
633 1816 721 1873 eitam
750 1831 818 1874 esse
846 1815 990 1890 sinusque
1016 1813 1127 1871 hahere
1155 1809 1260 1888 Syrtes
1290 1813 1474 1889 appellatos,
1507 1823 1669 1890 praeterea

329 1921 371 1980 ihi
400 1919 524 1996 reperiri
551 1918 654 1978 leones
684 1917 800 1976 deserta
827 1917 963 1975 homines
990 1915 1107 1991 nigros,
1135 1915 1166 1972 in
1193 1915 1335 1993 Aegypto
1365 1916 1456 1974 etism
1484 1917 1668 1994 hippopota-

330 2040 405 2082 mos.
455 2019 600 2081 Gaetulos
626 2019 704 2080 enim
732 2037 886 2095 nunquam
913 2015 1046 2094 Syrtium
1074 2017 1193 2076 accolas
1225 2018 1322 2076 fuisse
1348 2025 1453 2076 notum
1481 2029 1545 2093 est,
1577 2020 1667 2078 idem-

331 2143 388 2200 que
420 2124 457 2182 de
484 2121 673 2181 Musulamiis
700 2128 818 2180 constat
844 2139 883 2178 ex
911 2121 949 2180 iis
976 2138 1053 2196 quae
1082 2120 1275 2179 Ptolemaeus
1306 2121 1496 2200 geographus
1528 2122 1666 2181 Tacitus-

332 2245 392 2302 que
423 2225 460 2283 de
492 2224 614 2282 sedibus
646 2242 747 2284 eorum
781 2221 976 2282 tradiderunt.
1026 2219 1261 2300 Ptolemaensi)
1288 2233 1406 2301 gentem
1436 2241 1529 2299 quam
1559 2229 1666 2282 himm-

330 2319 416 2388 λάμοι
443 2325 574 2404 appellat
601 2327 657 2384 sub
679 2325 766 2385 Audo
792 2333 893 2384 monte
919 2324 1101 2384 habitavisse
1128 2325 1232 2383 scribit
1253 2345 1271 2384 a
1293 2323 1479 2384 Cirtensibus
1510 2327 1663 2386 meridiem

331 2447 436 2488 versus
461 2429 493 2486 in
520 2427 697 2487 occidentali
723 2435 807 2503 parte
828 2425 1005 2499 Numidiae,
1038 2427 1162 2486 Tacitus
1173 2427 1202 2504 ³)
1225 2446 1290 2486 eam
1312 2429 1528 2488 solitudinibus
1545 2430 1664 2488 Africae

330 2533 530 2610 propinquam
552 2529 726 2605 Maurisque
753 2529 885 2589 accolam
907 2529 992 2588 dicit:
1026 2529 1132 2606 quibus
1155 2531 1336 2589 testimoniis
1364 2531 1444 2590 ducti
1465 2534 1528 2590 iam
1552 2533 1662 2610 pridem

331 2641 410 2692 recte
437 2633 495 2692 viri
522 2631 822 2707 coadunarentur
847 2633 925 2690 inter
953 2639 1068 2690 montes
1091 2633 1180 2690 hodie
1204 2633 1309 2706 Djehel
1332 2635 1431 2692 Aurea
1454 2634 1555 2694 dictos
1577 2637 1662 2693 fines-

333 2755 391 2812 que
413 2734 619 2794 Mauretaniae
645 2735 827 2792 territorium
856 2733 998 2792 hahuisse
1025 2741 1200 2792 statuerunt.
1243 2735 1308 2792 Iam
1333 2753 1404 2794 vero
1431 2738 1562 2816 emergit
1587 2737 1663 2796 aliud

333 2857 436 2898 eorum
471 2836 652 2896 territorium
684 2837 715 2895 in
745 2836 843 2896 media
869 2837 932 2896 fere
959 2837 1115 2911 prouincia
1141 2838 1365 2914 proconsulari,
1396 2838 1486 2916 longe
1520 2850 1662 2898 remotum

333 2941 371 2998 ab
393 2941 482 2999 Anda
504 2950 605 2998 monte
626 2938 815 3016 Maurisque:
848 2959 918 2998 num
939 2939 1008 2997 inde
1029 2939 1088 2996 buc
1115 2958 1208 3015 usque
1235 2941 1310 2998 fines
1332 2941 1430 3016 gentis
1456 2941 1659 3020 pertinebant?

333 3043 429 3100 Immo
459 3042 518 3101 alia
543 3043 660 3100 ratione
687 3060 736 3100 res
766 3041 946 3117 explicanda
972 3049 1026 3098 est.
1070 3041 1175 3100 Refert
1200 3041 1278 3101 enim
1305 3041 1470 3120 Tacitum)
1500 3046 1661 3122 imperante

334 3144 456 3204 Tiberio
488 3143 709 3203 Tacfarinatem
746 3143 907 3204 Numidam
944 3144 1076 3202 adiutum
1113 3144 1245 3203 maxime
1277 3145 1531 3206 Musulamiorum
1568 3147 1660 3206 valida

333 3255 421 3324 geute
452 3246 564 3304 bellum
597 3245 742 3305 Romanis
778 3245 928 3318 intulisse,
962 3265 1028 3305 oum
1057 3245 1167 3304 Furius
1196 3244 1341 3306 Camillus
1374 3251 1559 3324 proconsule
1586 3249 1659 3307 Afri·

335 3363 400 3407 cam
432 3348 579 3407 obtineret
606 3347 652 3424 (a.
678 3348 750 3424 17),
783 3349 821 3408 ab
853 3367 947 3425 eoque
978 3348 1079 3408 fusum
1110 3348 1313 3425 fugatumque.
1364 3348 1431 3424 Quo
1463 3353 1584 3428 proelio
1609 3350 1659 3409 etsi

334 3450 444 3510 bellum
470 3450 599 3510 fortasse
627 3450 794 3528 paullulum
822 3451 1041 3522 intermissum,
1074 3451 1238 3509 extinctum
1267 3459 1366 3510 tamen
1391 3471 1450 3512 nou
1480 3465 1543 3526 est,
1572 3454 1657 3513 tario

334 3571 394 3628 que
422 3572 475 3629 per
504 3553 672 3630 complures
701 3571 795 3611 annos
823 3553 919 3612 Marte
946 3553 1117 3629 gestum⁵);
1150 3572 1228 3612 anno
1258 3555 1375 3612 demum
1404 3553 1445 3612 24
1473 3573 1564 3616 caeso
1591 3557 1657 3613 duce

334 3655 506 3733 provinciae
531 3673 594 3732 pax
619 3654 735 3714 reddita
761 3654 851 3731 est.⁶)
893 3655 975 3713 Inter
1000 3671 1049 3714 res
1075 3673 1154 3714 anuo
1178 3654 1214 3713 21
1243 3666 1344 3734 gestas
1371 3657 1445 3716 haec
1472 3660 1554 3733 apud
1580 3657 1656 3716 Taci-

335 3757 437 3834 tum')
463 3757 616 3834 leguntur:
642 3776 729 3834 usque
750 3758 836 3815 multo
855 3768 923 3832 post
946 3756 1064 3828 Caesar,
1091 3776 1152 3816 oum
1173 3759 1288 3816 Iunium
1310 3758 1448 3818 Blaesum
1465 3760 1655 3836 proconsulem

336 3861 457 3937 Africae
479 3861 616 3937 triumphi
634 3859 793 3936 insignibus
815 3859 963 3930 attolleret,
986 3861 1056 3918 dura
1077 3861 1109 3918 id
1129 3879 1159 3918 sa
1180 3861 1252 3918 dicit
1271 3861 1371 3918 honori
1385 3861 1496 3932 Seiani,
1522 3868 1598 3923 ouius
1612 3861 1653 3916 ilis

336 3963 492 4022 avunculus
514 3972 584 4022 erat.
628 3962 673 4020 Ao
694 3971 786 4020 tomas
807 3979 852 4020 ms
874 3962 979 4021 Blaesi
1000 3965 1103 4038 sliquos
1126 3964 1222 4021 decore
1244 3965 1297 4022 tuli
1309 3965 1403 4038 suere.
1457 3963 1540 4024 Nam
1564 3963 1651 4036 Tarsu-

336 4069 418 4124 rimos
444 4083 618 4142 quamquam
643 4067 759 4141 saepius
788 4064 924 4140 depulsus
950 4069 1096 4141 reparatis
1118 4068 1293 4141 perintimus
1315 4065 1434 4141 Africus
1462 4069 1580 4126 sumitis
1606 4065 1652 4120 luo

337 4169 525 4244 adrogantiae
551 4177 674 4240 uenerat,
696 4167 854 4244 utlagatus
876 4169 916 4225 ud
940 4167 1080 4226 liberium
1100 4172 1221 4226 mitteret
1240 4169 1386 4244 sedemque
1407 4168 1483 4227 ultro
1504 4171 1651 4242 sitiatque

414 4549 438 4613 ¹)
463 4551 499 4610 11,
521 4547 564 4598 ar.

413 4639 438 4706 ²)
465 4643 514 4703 IV,
529 4643 554 4702 3,
570 4641 605 4690 24
625 4640 687 4690 dicit
706 4641 738 4690 ab
757 4641 891 4692 occidente
910 4643 1038 4708 incipiens
1058 4643 1255 4708 descriptionem
1274 4631 1351 4693 πάλιν
1364 4641 1391 4693 δὲ
1403 4643 1449 4695 τῶν
1463 4643 1505 4714 μὶν
1519 4634 1643 4712 Κιρτησίων

338 4732 378 4784 καὶ
391 4732 433 4798 τῆς
444 4727 584 4798 Νουμιδίας
597 4719 822 4800 μεσημβρινῶτεροι
834 4723 881 4783 diro*
893 4723 923 4784 ro*
937 4721 1018 4784 Αἶιδον
1033 4723 1091 4803 ὅρος
1104 4723 1270 4806 Μισουλᾶμοι
1282 4737 1338 4786 κτλ.

414 4825 439 4890 ³)
468 4829 538 4878 nnn.
558 4826 595 4887 11,
617 4825 662 4876 m.

415 4918 440 4982 ⁴)
472 4919 543 4970 Anu.
564 4918 581 4967 l.
601 4917 619 4966 l.

416 5011 440 5072 ⁵)
467 5015 538 5061 Anu.
558 5010 610 5072 111,
632 5012 665 5060 21
687 5017 712 5059 et
734 5013 767 5060 72
787 5027 824 5076 sq.

333 5162 336 5168 ¹
416 5099 441 5165 ⁶)
469 5104 539 5153 Ann.
559 5103 605 5162 1v,
629 5103 663 5152 23
683 5119 721 5167 sq.

417 5191 441 5257 7)
469 5197 540 5246 Anu.
559 5195 610 5258 111,
632 5194 665 5245 72
686 5211 723 5260 sq.
