3548 6012
337 635 382 706 18
927 651 1066 704 aarum.

415 827 481 886 Iam
503 845 581 904 quae
603 833 769 904 sequuntur
784 825 1007 885 tritissimarum
1023 827 1054 884 in
1070 827 1166 884 titulis
1181 825 1352 884 honorariis
1367 823 1564 884 formularum
1582 841 1672 882 usum

332 929 477 988 excedere
499 948 559 989 non
582 929 733 999 videntum
756 935 854 988 tamen
877 947 937 988 nou
960 929 1062 988 omnia
1083 927 1233 1005 expedivi.
1266 915 1410 1002 μεγάλαις
1424 917 1535 1010 cippum
1554 934 1672 984 certum

333 1041 394 1103 eat3
420 1032 474 1090 sed
501 1033 734 1090 ΚΑΙΤΑΞΙΑΕΙΣ
762 1029 834 1108 quid
862 1029 902 1090 sit
928 1031 1041 1090 nescio.
1084 1021 1229 1090 Ἐκδικιάς
1253 1028 1383 1088 officium
1408 1062 1446 1074 —
1469 1027 1672 1104 nequeenim

333 1143 380 1194 est
406 1151 512 1192 munus
541 1167 579 1178 -
592 1106 783 1192 'creberrime
806 1140 1002 1192 memoratum
1023 1132 1253 1192 liberalissimus
1274 1133 1403 1208 quisque
1425 1140 1455 1190 et
1475 1128 1671 1206 opulentissi-

332 1253 399 1294 mus
421 1235 530 1294 ciuium
553 1235 680 1294 subibat.
715 1233 869 1294 Ciceronis
892 1244 939 1294 est
960 1235 1089 1312 epistola
1110 1235 1149 1294 ad
1164 1235 1325 1294 Thermum
1350 1233 1403 1310 (ad
1417 1232 1488 1292 lam.
1503 1229 1587 1290 XIII
1603 1229 1672 1304 56),

331 1339 362 1397 in
384 1355 445 1416 qua
465 1338 553 1396 haec:
574 1333 716 1415 ‘Mylasis
738 1349 768 1396 et
787 1336 956 1397 Alabandis
977 1337 1133 1416 pecuniam
1158 1335 1265 1396 Cluvio
1288 1335 1406 1395 debent.
1442 1334 1575 1395 Dixerat
1596 1332 1673 1392 mihi

331 1439 541 1517 Euthydemus
570 1457 637 1498 cum
663 1437 778 1515 Ephesi
806 1421 920 1512 essem,
949 1455 983 1498 se
1009 1449 1180 1498 curaturum
1209 1447 1243 1498 ut
1270 1437 1362 1497 ecdici
1388 1436 1510 1515 Mylasii
1538 1435 1671 1494 Romam

331 1543 526 1602 mitterentur.
574 1541 611 1600 Id
639 1540 750 1601 factum
778 1559 839 1600 non
868 1549 925 1602 est.
972 1540 1105 1620 Legatos
1134 1541 1224 1601 audio
1252 1541 1364 1600 missos
1392 1557 1475 1612 essc3
1503 1537 1558 1597 sed
1586 1537 1671 1596 malo

330 1645 460 1718 ecdicos,
483 1653 516 1702 ut
536 1643 652 1722 aliquid
673 1643 779 1704 confici
801 1644 909 1722 posuit.
949 1641 1052 1718 Quare
1073 1654 1143 1722 peto
1165 1665 1185 1702 a
1205 1653 1244 1714 te,
1268 1651 1301 1702 ut
1321 1653 1351 1700 et
1372 1659 1424 1703 eos
1446 1651 1477 1700 et
1497 1639 1673 1700 Alabandis

329 1747 433 1806 iubeas
455 1747 572 1807 ecdicos
586 1747 714 1807 Romam
736 1739 871 1805 mittere'
907 1744 995 1806 Unde
1018 1747 1109 1806 simul
1130 1745 1315 1824 intellegitur
1335 1745 1406 1823 quid
1428 1743 1570 1802 differant
1590 1744 1674 1802 inter

331 1867 364 1910 se
390 1849 484 1909 ecdici
510 1857 541 1908 et
566 1847 667 1927 legati.
710 1844 796 1908 Nihil
823 1857 921 1906 autem
948 1848 1188 1925 frequentius-iu
1210 1848 1307 1907 titulis
1329 1857 1389 1921 est,
1416 1865 1507 1924 quam
1529 1845 1672 1904 homines

330 1951 422 2010 ecdici
450 1950 606 2028 eidemque
627 1950 732 2028 legati3
761 1959 887 2028 utraque
909 1951 986 2010 enim
1007 1969 1057 2010 res
1079 1950 1205 2010 eandem
1227 1949 1411 2010 voluntatem
1432 1949 1672 2024 facultatemque

330 2053 494 2130 flagilabat.
527 2051 575 2113 Ol.
592 2051 625 2112 C.
642 2052 667 2110 I.
685 2051 780 2112 2719:
803 2047 916 2113 πολλὰς
937 2044 1094 2136 πρεσβείας
1115 2042 1163 2110 aul
1185 2044 1310 2112 iudicine
1330 2054 1366 2129 τῇ
1385 2043 1497 2134 πατρίδι
1513 2073 1671 2135 παρεσχη-

329 2148 420 2223 μένου.
466 2153 657 2232 Quapropter
682 2173 743 2214 non
765 2155 874 2214 nimiae
896 2155 1039 2215 audaciae
1061 2153 1233 2227 incusabor,
1260 2155 1341 2232 quod
1363 2173 1402 2213 ex
1425 2157 1532 2212 ΒΗΑΙΣ
1553 2153 1671 2214 litteris

328 2257 386 2316 hoc
411 2257 511 2334 ipsum
534 2257 712 2316 vocabulum
737 2248 932 2339 [πρεσβείαις
953 2255 1047 2316 effeci.
1092 2256 1234 2317 Genuina
1254 2257 1333 2316 tituli
1355 2257 1452 2316 forma
1472 2275 1532 2315 uon
1555 2256 1674 2314 tradita

330 2369 377 2418 eat
402 2379 458 2420 neo
484 2377 588 2418 versus
614 2360 657 2418 ita
682 2359 786 2432 divisi,
815 2369 848 2419 ut
874 2359 1017 2418 diviserat
1042 2359 1217 2438 lapidarius.
1266 2357 1477 2436 (lomplurinm¹
1499 2358 1671 2417 litterarum

328 2461 452 2522 lacunas
473 2461 648 2520 manifestas
671 2470 806 2520 tenemus
828 2461 859 2520 ln
876 2481 956 2521 voco
977 2451 1281 2544 ‘yupvoodoepqqassrme
1302 2471 1333 2521 et
1353 2451 1510 2538 wuihhere
1531 2447 1671 2544 dphcetc.

329 2563 442 2641 Finges
463 2565 505 2623 ita
526 2581 631 2623 versus
652 2563 816 2640 dispositos
837 2564 945 2636 luisse,
967 2573 1001 2623 ut
1025 2565 1063 2623 ab
1086 2563 1210 2624 sinistra
1230 2564 1375 2623 dextrave
1396 2571 1481 2640 parte
1502 2561 1600 2621 fracto
1624 2562 1672 2620 la·

319 2665 399 2742 pide
426 2675 456 2725 et
483 2649 572 2749 {pff
586 2675 617 2725 et
635 2649 723 2750 iiia}
739 2674 769 2724 et
790 2649 870 2746 π’ρῖσ-
883 2665 1000 2726 litterae
1021 2667 1119 2744 perire
1141 2667 1307 2744 potuerint:
1334 2685 1403 2724 nam
1426 2665 1536 2742 singuli
1559 2683 1671 2724 versas

329 2787 389 2827 non
414 2787 489 2846 opus
512 2775 613 2826 estut
634 2767 721 2846 plane
743 2767 866 2826 eandem
890 2769 1019 2844 quisque
1040 2767 1257 2846 longitudinem
1278 2767 1448 2826 habuerint.

413 2869 559 2948 Superest
586 2879 619 2929 ut
644 2870 853 2946 interpolatam
874 2871 906 2929 ni
927 2871 1017 2930 fallor
1039 2871 1163 2930 alteram
1186 2881 1283 2930 utram
1304 2859 1352 2927 arei
1373 2869 1550 2950 particulam
1573 2870 1668 2930 tolla-

330 2991 407 3046 mus,
431 2983 484 3032 aut
504 2991 580 3049 quae
603 2982 672 3031 ante
694 2970 725 3028 ἔκ
746 2973 801 3028 τῶν
823 2967 898 3030 ἰδίων
920 2981 973 3032 ant
994 2991 1070 3050 quae
1092 2981 1162 3051 post
1181 2973 1305 3050 legitur3
1326 2973 1378 3032 vix
1400 2974 1479 3032 enim
1493 2971 1673 3050 inscriptio·

329 3095 400 3134 num
429 3075 614 3134 concinnitas
643 3083 702 3134 tarn
732 3081 871 3154 argutum
897 3075 1016 3134 dicendi
1044 3093 1140 3152 genus
1167 3076 1280 3152 patitur
1310 3075 1413 3135 inferri
1444 3084 1477 3134 ut
1502 3075 1534 3134 in
1563 3077 1670 3134 verbis
1772 3153 1773 3158 ἵ

327 3168 375 3235 καὶ
397 3174 428 3234 ἐκ
448 3177 504 3234 τῶν
525 3171 600 3234 ἰδίων
621 3165 670 3234 καὶ
692 3165 852 3254 γυμνάτιον
874 3177 999 3237 alterum
1021 3171 1069 3235 καὶ
1091 3197 1147 3257 pro
1169 3179 1355 3256 gradationis
1373 3177 1520 3256 particula
1535 3179 1669 3237 retines·
1772 3169 1773 3216 l

328 3296 407 3339 mus.
449 3277 521 3338 Non
547 3278 674 3338 multum
696 3278 801 3352 refert,
823 3289 923 3339 utrum
944 3271 993 3337 aui
1015 3280 1133 3356 deleas,
1156 3281 1210 3340 sed
1231 3281 1332 3359 priore
1353 3279 1421 3340 ideo
1442 3279 1560 3339 facilius
1582 3299 1672 3340 care-

327 3381 441 3454 bimus,
467 3381 548 3459 quod
570 3379 601 3439 ἒκ
622 3383 676 3438 τῶν
698 3373 774 3438 ἰδίων
794 3382 887 3440 rerba
907 3383 938 3440 in
960 3381 1019 3442 fine
1041 3383 1162 3461 saepius
1184 3401 1273 3460 quam
1295 3382 1327 3442 in
1349 3381 1495 3468 principio
1518 3383 1671 3444 enuntiati
1771 3405 1772 3410 ¹

327 3484 400 3562 poni
422 3482 529 3542 solent.
570 3483 670 3542 Etiam
693 3483 768 3543 haec
786 3483 855 3544 laus
877 3493 925 3544 est
945 3485 1024 3544 haud
1046 3485 1167 3563 exigua,
1189 3485 1284 3546 ecdici
1303 3485 1454 3562 legatique
1475 3483 1667 3575 officia‘pro-

326 3585 401 3664 priis
422 3584 569 3664 impensis
590 3586 789 3665 praestitisse.
834 3583 881 3646 Ol.
904 3585 977 3645 Keil
998 3583 1076 3664 Syll.
1097 3588 1188 3646 inscr.
1210 3587 1315 3647 Boeot.
1339 3606 1368 3665 p.
1387 3586 1455 3647 123.

407 3691 579 3776 ΙΙἸΜΝΑΝΔ
602 3688 705 3764 paullo
727 3688 888 3747 violentius
910 3691 1064 3765 temptari,
1086 3690 1139 3749 sed
1161 3709 1221 3750 non
1244 3691 1319 3750 citra
1339 3691 1556 3750 necessitatem.
1590 3712 1671 3766 γυμ-
1770 3685 1771 3706 ³

328 3778 403 3846 νάδα
424 3788 462 3848 de
483 3807 543 3866 quo
565 3792 634 3867 qula
656 3791 767 3867 cogitet
787 3789 858 3848 ferri
880 3791 994 3868 nequit.
1030 3789 1254 3871 Lexicographi
1276 3793 1354 3853 enim
1376 3801 1533 3869 poetarum
1548 3789 1672 3867 aliquot

327 3891 413 3951 locos
440 3891 606 3952 indicantes
631 3892 681 3952 ubi
708 3891 788 3952 idem
815 3909 884 3952 esse
910 3893 1117 3971 putantquod
1140 3883 1469 3972 ysavdrrovincautius
1491 3901 1600 3972 agunt:
1630 3914 1670 3953 ne

326 4002 434 4072 poetae
461 3994 580 4072 quidem
609 4013 740 4074 unquam
768 3995 826 4054 hoc
854 3995 1003 4056 vocabulo
1030 3995 1128 4056 locum
1158 3997 1344 4075 significant,
1373 3997 1424 4056 nbi
1446 4004 1603 4056 exerceret
1633 4015 1668 4056 se
1769 3999 1770 4036 Τ

327 4095 476 4156 iuventus·

411 4188 684 4282 γυμνα[σι]ά[ρ]κων
710 4207 791 4258 certo
817 4201 950 4272 correxI;
976 4219 1073 4278 neque
1099 4201 1148 4261 hic
1172 4224 1191 4260 κ
1217 4201 1247 4262 in
1269 4225 1298 4282 χ
1323 4209 1439 4261 mutare
1461 4201 1543 4261 volui
1565 4217 1668 4280 neque
1768 4267 1769 4286 3

327 4319 419 4378 supra
439 4309 492 4360 aut
513 4291 684 4382 ipdssapaov
705 4301 871 4362 rescribere
892 4311 945 4361 aut
966 4295 1241 4388 γυμνασιαρκῆσαις.
1277 4305 1429 4364 Incertum
1451 4305 1541 4376 enim,
1562 4312 1670 4381 poste-
1768 4297 1769 4330 ³

325 4402 414 4462 rioris
435 4402 541 4462 aetatis
556 4403 723 4464 Aeolenses
745 4414 893 4480 quatenus
916 4405 1006 4464 etiam
1028 4405 1128 4466 inhia
1150 4406 1284 4468 minutiis
1307 4407 1458 4466 constanti
1479 4424 1668 4483 severaeque

325 4504 386 4584 legi
409 4523 441 4564 se
463 4505 644 4564 addixerint
681 4505 796 4566 Eadem
818 4507 855 4568 de
876 4526 968 4568 causa
988 4526 1080 4588 supra
1100 4509 1132 4568 in
1153 4529 1183 4569 n.
1196 4509 1259 4568 VII
1280 4499 1367 4594 ἱερέαν
1388 4519 1419 4570 et
1439 4497 1581 4594 irpopdpov
1602 4508 1667 4568 for·
1767 4567 1768 4572 ,

326 4626 392 4667 mas
413 4625 474 4668 non
496 4607 666 4668 sollicitavi.

324 4819 416 4881 XXI.
452 4821 489 4880 In
510 4820 626 4881 balneis
641 4821 733 4882 Lesbi
747 4821 820 4882 Pau.
857 4823 905 4882 Ad
927 4823 1020 4884 alium
1041 4823 1172 4900 lapidem
1195 4843 1394 4884 marmoreum
1410 4823 1487 4896 Pac,
1508 4823 1560 4884 ubi
1576 4843 1666 4902 prae·
1766 4875 1767 4906 ,

365 4923 446 4983 cedit
473 4923 578 4983 titulus
607 4921 660 5000 (0.
677 4924 703 4984 I.
727 4924 822 5004 2171)
848 4925 887 4984 ad
913 4927 1022 4987 balnea
1049 4926 1162 4988 Lesbia
1188 4928 1328 4988 iuventus
1354 4923 1424 5006 ‘que
1451 4925 1542 5004 vulgo
1573 4944 1666 5004 grece

367 5019 484 5110 Orpann*
507 5021 738 5106 nuncupantur’.

896 5121 1036 5216 ’Λρτέμιδι

899 5225 1004 5318 (depulsa
1025 5229 1093 5294 su’oe·

898 5327 956 5395 ue'u
977 5329 1066 5401 utrae
