<?xml version="1.0" encoding="UTF-8"?>
<!DOCTYPE html PUBLIC "-//W3C//DTD XHTML 1.0 Transitional//EN"
    "http://www.w3.org/TR/xhtml1/DTD/xhtml1-transitional.dtd">
<html xmlns="http://www.w3.org/1999/xhtml" xml:lang="en" lang="en">
 <head>
  <title>
</title>
<meta http-equiv="Content-Type" content="text/html;charset=utf-8" />
  <meta name='ocr-system' content='tesseract 3.04.00' />
  <meta name='ocr-capabilities' content='ocr_page ocr_carea ocr_par ocr_line ocrx_word'/>
</head>
<body>
  <div class='ocr_page' id='page_1' title='image "./ephemerisepigra09instgoog_0216.png"; bbox 0 0 3504 6004; ppageno 0'>
   <div class='ocr_carea' id='block_1_1' title="bbox 89 629 1399 705">
    <p class='ocr_par' dir='ltr' id='par_1_1' title="bbox 89 629 1399 705">
     <span class='ocr_line' id='line_1_1' title="bbox 89 629 1399 705; baseline 0.004 -9"><span class='ocrx_word' id='word_1_1' title='bbox 89 646 197 696; x_wconf 73' lang='lat' dir='ltr'>sor-res</span> <span class='ocrx_word' id='word_1_2' title='bbox 455 641 527 694; x_wconf 86' lang='lat' dir='ltr'>von</span> <span class='ocrx_word' id='word_1_3' title='bbox 546 643 570 694; x_wconf 88' lang='lat'>1.</span> <span class='ocrx_word' id='word_1_4' title='bbox 604 642 1007 705; x_wconf 79' lang='lat' dir='ltr'>suurovmrssruseuu.</span> <span class='ocrx_word' id='word_1_5' title='bbox 1326 629 1399 701; x_wconf 78' lang='lat'>205</span> 
     </span>
    </p>
   </div>
   <div class='ocr_carea' id='block_1_2' title="bbox 10 817 1402 2130">
    <p class='ocr_par' dir='ltr' id='par_1_2' title="bbox 10 817 1402 2130">
     <span class='ocr_line' id='line_1_2' title="bbox 89 817 1402 901; baseline 0.005 -23"><span class='ocrx_word' id='word_1_6' title='bbox 89 828 137 890; x_wconf 87' lang='lat' dir='ltr'>est,</span> <span class='ocrx_word' id='word_1_7' title='bbox 160 836 236 878; x_wconf 91' lang='lat' dir='ltr'>unns</span> <span class='ocrx_word' id='word_1_8' title='bbox 257 827 392 878; x_wconf 85' lang='lat' dir='ltr'>remanet</span> <span class='ocrx_word' id='word_1_9' title='bbox 402 836 510 878; x_wconf 90' lang='lat' dir='ltr'>censor</span> <span class='ocrx_word' id='word_1_10' title='bbox 529 817 565 876; x_wconf 91' lang='lat' dir='ltr'>L.</span> <span class='ocrx_word' id='word_1_11' title='bbox 581 818 722 877; x_wconf 81' lang='lat' dir='ltr'>Metellus</span> <span class='ocrx_word' id='word_1_12' title='bbox 746 837 774 877; x_wconf 93' lang='lat' dir='ltr'>a.</span> <span class='ocrx_word' id='word_1_13' title='bbox 798 817 857 877; x_wconf 86' lang='grc'>639</span> <span class='ocrx_word' id='word_1_14' title='bbox 879 819 926 878; x_wconf 90' lang='lat' dir='ltr'>cui</span> <span class='ocrx_word' id='word_1_15' title='bbox 949 820 1023 878; x_wconf 89' lang='lat' dir='ltr'>haec</span> <span class='ocrx_word' id='word_1_16' title='bbox 1042 820 1151 879; x_wconf 87' lang='lat' dir='ltr'>locatio</span> <span class='ocrx_word' id='word_1_17' title='bbox 1173 823 1402 901; x_wconf 75' lang='lat' dir='ltr'>attribuatur1).</span> 
     </span>
     <span class='ocr_line' id='line_1_3' title="bbox 84 920 1401 998; baseline 0.004 -18"><span class='ocrx_word' id='word_1_18' title='bbox 84 923 198 982; x_wconf 81' lang='lat' dir='ltr'>Videtur</span> <span class='ocrx_word' id='word_1_19' title='bbox 218 921 339 997; x_wconf 87' lang='lat' dir='ltr'>quidem</span> <span class='ocrx_word' id='word_1_20' title='bbox 360 920 429 980; x_wconf 90' lang='lat' dir='ltr'>hnic</span> <span class='ocrx_word' id='word_1_21' title='bbox 449 921 568 980; x_wconf 85' lang='lat' dir='ltr'>obstare</span> <span class='ocrx_word' id='word_1_22' title='bbox 590 939 771 997; x_wconf 82' lang='lat' dir='ltr'><strong>praenomen</strong></span> <span class='ocrx_word' id='word_1_23' title='bbox 786 929 959 998; x_wconf 68' lang='lat' dir='ltr'>paternum</span> <span class='ocrx_word' id='word_1_24' title='bbox 982 942 1050 982; x_wconf 88' lang='lat' dir='ltr'>nam</span> <span class='ocrx_word' id='word_1_25' title='bbox 1071 928 1102 981; x_wconf 92' lang='lat' dir='ltr'>iu</span> <span class='ocrx_word' id='word_1_26' title='bbox 1124 924 1234 983; x_wconf 88' lang='lat' dir='ltr'>tabulis</span> <span class='ocrx_word' id='word_1_27' title='bbox 1256 926 1401 986; x_wconf 80' lang='lat' dir='ltr'>censoriis</span> 
     </span>
     <span class='ocr_line' id='line_1_4' title="bbox 10 1023 1402 1104; baseline 0.004 -20"><span class='ocrx_word' id='word_1_28' title='bbox 10 1057 11 1062; x_wconf 19' lang='grc' dir='ltr'><strong><em>κ</em></strong></span> <span class='ocrx_word' id='word_1_29' title='bbox 83 1045 152 1104; x_wconf 89' lang='lat' dir='ltr'>qnae</span> <span class='ocrx_word' id='word_1_30' title='bbox 165 1025 253 1084; x_wconf 89' lang='lat' dir='ltr'>hodie</span> <span class='ocrx_word' id='word_1_31' title='bbox 268 1033 455 1100; x_wconf 77' lang='lat' dir='ltr'>usurpantur</span> <span class='ocrx_word' id='word_1_32' title='bbox 470 1025 514 1083; x_wconf 91' lang='lat' dir='ltr'>sic</span> <span class='ocrx_word' id='word_1_33' title='bbox 534 1023 564 1082; x_wconf 93' lang='lat' dir='ltr'>id</span> <span class='ocrx_word' id='word_1_34' title='bbox 580 1023 738 1102; x_wconf 80' lang='lat' dir='ltr'>collegium</span> <span class='ocrx_word' id='word_1_35' title='bbox 753 1025 950 1103; x_wconf 88' lang='lat' dir='ltr'>perscriptum</span> <span class='ocrx_word' id='word_1_36' title='bbox 961 1025 1082 1103; x_wconf 89' lang='lat' dir='ltr'>legitur:</span> <span class='ocrx_word' id='word_1_37' title='bbox 1110 1045 1183 1084; x_wconf 82' lang='lat' dir='ltr'>caus.</span> <span class='ocrx_word' id='word_1_38' title='bbox 1206 1026 1243 1084; x_wconf 84' lang='lat' dir='ltr'>L.</span> <span class='ocrx_word' id='word_1_39' title='bbox 1261 1027 1402 1089; x_wconf 80' lang='lat' dir='ltr'>Ouecilius</span> 
     </span>
     <span class='ocr_line' id='line_1_5' title="bbox 83 1126 1401 1207; baseline 0.002 -20"><span class='ocrx_word' id='word_1_40' title='bbox 83 1129 143 1203; x_wconf 64' lang='lat' dir='ltr'>Ius.</span> <span class='ocrx_word' id='word_1_41' title='bbox 152 1128 222 1198; x_wconf 66' lang='lat' dir='ltr'>Qu.</span> <span class='ocrx_word' id='word_1_42' title='bbox 235 1127 369 1186; x_wconf 77' lang='lat' dir='ltr'>Metellus</span> <span class='ocrx_word' id='word_1_43' title='bbox 384 1126 572 1198; x_wconf 67' lang='lat' dir='ltr'>Delmaticae,</span> <span class='ocrx_word' id='word_1_44' title='bbox 590 1126 640 1186; x_wconf 82' lang='lat' dir='ltr'>Cu.</span> <span class='ocrx_word' id='word_1_45' title='bbox 657 1128 800 1187; x_wconf 80' lang='lat' dir='ltr'>Domitius</span> <span class='ocrx_word' id='word_1_46' title='bbox 807 1127 856 1186; x_wconf 81' lang='lat' dir='ltr'>Cu.</span> <span class='ocrx_word' id='word_1_47' title='bbox 867 1129 895 1203; x_wconf 90' lang='lat' dir='ltr'>s.</span> <span class='ocrx_word' id='word_1_48' title='bbox 914 1128 999 1189; x_wconf 73' lang='lat' dir='ltr'>blan.</span> <span class='ocrx_word' id='word_1_49' title='bbox 1011 1128 1217 1189; x_wconf 73' lang='lat' dir='ltr'>Ahenobarbus</span> <span class='ocrx_word' id='word_1_50' title='bbox 1232 1129 1401 1207; x_wconf 63' lang='lat' dir='ltr'>tunm.</span> 
     </span>
     <span class='ocr_line' id='line_1_6' title="bbox 82 1230 1401 1310; baseline 0.002 -20"><span class='ocrx_word' id='word_1_51' title='bbox 82 1231 203 1309; x_wconf 83' lang='lat' dir='ltr'>Atipscs</span> <span class='ocrx_word' id='word_1_52' title='bbox 222 1238 360 1289; x_wconf 88' lang='lat' dir='ltr'>auctores</span> <span class='ocrx_word' id='word_1_53' title='bbox 377 1230 428 1288; x_wconf 91' lang='lat' dir='ltr'>ubi</span> <span class='ocrx_word' id='word_1_54' title='bbox 441 1231 667 1308; x_wconf 78' lang='lat' dir='ltr'>perlustramus,</span> <span class='ocrx_word' id='word_1_55' title='bbox 690 1230 800 1306; x_wconf 89' lang='lat' dir='ltr'>prioris</span> <span class='ocrx_word' id='word_1_56' title='bbox 817 1232 950 1291; x_wconf 88' lang='lat' dir='ltr'>censoris</span> <span class='ocrx_word' id='word_1_57' title='bbox 970 1251 1024 1290; x_wconf 90' lang='lat' dir='ltr'>neo</span> <span class='ocrx_word' id='word_1_58' title='bbox 1038 1239 1124 1308; x_wconf 88' lang='lat' dir='ltr'>pater</span> <span class='ocrx_word' id='word_1_59' title='bbox 1143 1251 1239 1310; x_wconf 89' lang='lat' dir='ltr'>neque</span> <span class='ocrx_word' id='word_1_60' title='bbox 1254 1251 1401 1310; x_wconf 80' lang='lat' dir='ltr'><strong>agnomen</strong></span> 
     </span>
     <span class='ocr_line' id='line_1_7' title="bbox 83 1331 1400 1410; baseline 0.002 -18"><span class='ocrx_word' id='word_1_61' title='bbox 83 1352 195 1410; x_wconf 88' lang='lat' dir='ltr'>nsquam</span> <span class='ocrx_word' id='word_1_62' title='bbox 218 1331 438 1408; x_wconf 53' lang='lat' dir='ltr'>mandatust).</span> <span class='ocrx_word' id='word_1_63' title='bbox 482 1332 617 1392; x_wconf 84' lang='lat' dir='ltr'>Fuerrmt</span> <span class='ocrx_word' id='word_1_64' title='bbox 638 1340 736 1392; x_wconf 88' lang='lat' dir='ltr'>autem</span> <span class='ocrx_word' id='word_1_65' title='bbox 765 1353 800 1392; x_wconf 93' lang='lat' dir='ltr'>eo</span> <span class='ocrx_word' id='word_1_66' title='bbox 822 1345 956 1410; x_wconf 89' lang='lat' dir='ltr'>tempore</span> <span class='ocrx_word' id='word_1_67' title='bbox 985 1334 1043 1392; x_wconf 90' lang='lat' dir='ltr'>duo</span> <span class='ocrx_word' id='word_1_68' title='bbox 1068 1334 1104 1394; x_wconf 92' lang='lat' dir='ltr'>L.</span> <span class='ocrx_word' id='word_1_69' title='bbox 1129 1333 1253 1394; x_wconf 78' lang='lat' dir='ltr'>Caecilii</span> <span class='ocrx_word' id='word_1_70' title='bbox 1276 1336 1400 1410; x_wconf 85' lang='lat' dir='ltr'>Metelli,</span> 
     </span>
     <span class='ocr_line' id='line_1_8' title="bbox 82 1434 1399 1511; baseline 0.004 -17"><span class='ocrx_word' id='word_1_71' title='bbox 82 1437 146 1494; x_wconf 80' lang='lat' dir='ltr'>altar</span> <span class='ocrx_word' id='word_1_72' title='bbox 165 1434 200 1494; x_wconf 88' lang='lat' dir='ltr'>L.</span> <span class='ocrx_word' id='word_1_73' title='bbox 227 1436 247 1494; x_wconf 88' lang='lat' dir='ltr'>f.</span> <span class='ocrx_word' id='word_1_74' title='bbox 271 1434 310 1510; x_wconf 82' lang='lat' dir='ltr'>Q.</span> <span class='ocrx_word' id='word_1_75' title='bbox 335 1453 363 1493; x_wconf 96' lang='lat' dir='ltr'>n.</span> <span class='ocrx_word' id='word_1_76' title='bbox 386 1434 573 1494; x_wconf 82' lang='lat' dir='ltr'>Delmaticae</span> <span class='ocrx_word' id='word_1_77' title='bbox 596 1453 656 1495; x_wconf 90' lang='lat' dir='ltr'>cos.</span> <span class='ocrx_word' id='word_1_78' title='bbox 680 1435 756 1500; x_wconf 82' lang='lat'><strong>635.</strong></span> <span class='ocrx_word' id='word_1_79' title='bbox 783 1436 860 1495; x_wconf 89' lang='lat' dir='ltr'>alter</span> <span class='ocrx_word' id='word_1_80' title='bbox 886 1435 924 1510; x_wconf 82' lang='lat' dir='ltr'>Q.</span> <span class='ocrx_word' id='word_1_81' title='bbox 947 1435 968 1494; x_wconf 88' lang='lat' dir='ltr'>f.</span> <span class='ocrx_word' id='word_1_82' title='bbox 996 1435 1034 1511; x_wconf 83' lang='lat' dir='ltr'>Q.</span> <span class='ocrx_word' id='word_1_83' title='bbox 1058 1457 1086 1496; x_wconf 94' lang='lat' dir='ltr'>n.</span> <span class='ocrx_word' id='word_1_84' title='bbox 1115 1436 1312 1498; x_wconf 74' lang='lat' dir='ltr'>Diadematus</span> <span class='ocrx_word' id='word_1_85' title='bbox 1337 1458 1399 1499; x_wconf 90' lang='lat' dir='ltr'>cos.</span> 
     </span>
     <span class='ocr_line' id='line_1_9' title="bbox 83 1539 1400 1616; baseline 0.004 -21"><span class='ocrx_word' id='word_1_86' title='bbox 83 1539 146 1608; x_wconf 86' lang='grc'><strong>637;</strong></span> <span class='ocrx_word' id='word_1_87' title='bbox 173 1557 228 1596; x_wconf 87' lang='lat' dir='ltr'>nec</span> <span class='ocrx_word' id='word_1_88' title='bbox 256 1539 417 1615; x_wconf 89' lang='lat' dir='ltr'>quicquam</span> <span class='ocrx_word' id='word_1_89' title='bbox 439 1539 546 1610; x_wconf 87' lang='lat' dir='ltr'>obstat,</span> <span class='ocrx_word' id='word_1_90' title='bbox 569 1539 728 1615; x_wconf 81' lang='lat' dir='ltr'>quominus</span> <span class='ocrx_word' id='word_1_91' title='bbox 751 1539 829 1598; x_wconf 93' lang='lat' dir='ltr'>hunc</span> <span class='ocrx_word' id='word_1_92' title='bbox 850 1539 953 1616; x_wconf 85' lang='lat' dir='ltr'>potius</span> <span class='ocrx_word' id='word_1_93' title='bbox 983 1558 1073 1616; x_wconf 85' lang='lat' dir='ltr'>quam</span> <span class='ocrx_word' id='word_1_94' title='bbox 1095 1540 1178 1600; x_wconf 91' lang='lat' dir='ltr'>illum</span> <span class='ocrx_word' id='word_1_95' title='bbox 1193 1540 1400 1602; x_wconf 82' lang='lat' dir='ltr'>existimemus</span> 
     </span>
     <span class='ocr_line' id='line_1_10' title="bbox 81 1639 1245 1720; baseline 0.003 -22"><span class='ocrx_word' id='word_1_96' title='bbox 81 1659 103 1698; x_wconf 91' lang='lat' dir='ltr'>a.</span> <span class='ocrx_word' id='word_1_97' title='bbox 116 1639 172 1700; x_wconf 80' lang='lat'>639</span> <span class='ocrx_word' id='word_1_98' title='bbox 187 1659 342 1700; x_wconf 88' lang='lat' dir='ltr'>censorem</span> <span class='ocrx_word' id='word_1_99' title='bbox 357 1640 468 1699; x_wconf 85' lang='lat' dir='ltr'>factum</span> <span class='ocrx_word' id='word_1_100' title='bbox 490 1659 568 1700; x_wconf 80' lang='lat' dir='ltr'>esse.</span> <span class='ocrx_word' id='word_1_101' title='bbox 613 1640 681 1716; x_wconf 84' lang='lat' dir='ltr'>Quo</span> <span class='ocrx_word' id='word_1_102' title='bbox 710 1641 842 1700; x_wconf 90' lang='lat' dir='ltr'>admisso</span> <span class='ocrx_word' id='word_1_103' title='bbox 863 1649 943 1701; x_wconf 89' lang='lat' dir='ltr'>recte</span> <span class='ocrx_word' id='word_1_104' title='bbox 966 1643 1067 1702; x_wconf 87' lang='lat' dir='ltr'>omnia</span> <span class='ocrx_word' id='word_1_105' title='bbox 1088 1643 1245 1720; x_wconf 85' lang='lat' dir='ltr'>quadrant.</span> 
     </span>
     <span class='ocr_line' id='line_1_11' title="bbox 152 1741 1399 1826; baseline 0.002 -23"><span class='ocrx_word' id='word_1_106' title='bbox 152 1741 395 1820; x_wconf 77' lang='lat' dir='ltr'>orthographica</span> <span class='ocrx_word' id='word_1_107' title='bbox 419 1745 488 1802; x_wconf 92' lang='lat' dir='ltr'>huic</span> <span class='ocrx_word' id='word_1_108' title='bbox 517 1745 607 1804; x_wconf 86' lang='lat' dir='ltr'>aetati</span> <span class='ocrx_word' id='word_1_109' title='bbox 637 1751 708 1820; x_wconf 88' lang='lat' dir='ltr'>apta</span> <span class='ocrx_word' id='word_1_110' title='bbox 733 1753 816 1816; x_wconf 89' lang='lat' dir='ltr'>sunt;</span> <span class='ocrx_word' id='word_1_111' title='bbox 848 1763 915 1804; x_wconf 86' lang='lat' dir='ltr'>nam</span> <span class='ocrx_word' id='word_1_112' title='bbox 950 1746 1111 1826; x_wconf 88' lang='lat' dir='ltr'>geminatio</span> <span class='ocrx_word' id='word_1_113' title='bbox 1139 1746 1297 1818; x_wconf 83' lang='lat' dir='ltr'>vocalium,</span> <span class='ocrx_word' id='word_1_114' title='bbox 1323 1764 1399 1822; x_wconf 87' lang='lat' dir='ltr'>quae</span> 
     </span>
     <span class='ocr_line' id='line_1_12' title="bbox 81 1845 1399 1926; baseline 0.005 -24"><span class='ocrx_word' id='word_1_115' title='bbox 81 1845 216 1922; x_wconf 86' lang='lat' dir='ltr'>reperitur</span> <span class='ocrx_word' id='word_1_116' title='bbox 242 1865 271 1904; x_wconf 79' lang='lat' dir='ltr'>u.</span> <span class='ocrx_word' id='word_1_117' title='bbox 296 1847 315 1905; x_wconf 88' lang='lat'>8</span> <span class='ocrx_word' id='word_1_118' title='bbox 342 1846 374 1905; x_wconf 90' lang='lat' dir='ltr'>in</span> <span class='ocrx_word' id='word_1_119' title='bbox 394 1846 602 1922; x_wconf 83' lang='lat' dir='ltr'>muuuieo[do],</span> <span class='ocrx_word' id='word_1_120' title='bbox 629 1846 699 1904; x_wconf 88' lang='lat' dir='ltr'>item</span> <span class='ocrx_word' id='word_1_121' title='bbox 727 1845 855 1905; x_wconf 83' lang='lat' dir='ltr'>fortasse</span> <span class='ocrx_word' id='word_1_122' title='bbox 877 1865 904 1904; x_wconf 84' lang='lat' dir='ltr'>r.</span> <span class='ocrx_word' id='word_1_123' title='bbox 929 1846 946 1904; x_wconf 89' lang='grc'>6</span> <span class='ocrx_word' id='word_1_124' title='bbox 969 1847 1000 1906; x_wconf 93' lang='lat' dir='ltr'>in</span> <span class='ocrx_word' id='word_1_125' title='bbox 1022 1849 1198 1926; x_wconf 78' lang='lat' dir='ltr'>cognomine</span> <span class='ocrx_word' id='word_1_126' title='bbox 1219 1849 1399 1926; x_wconf 87' lang='lat' dir='ltr'>quaestoris,</span> 
     </span>
     <span class='ocr_line' id='line_1_13' title="bbox 80 1947 1398 2028; baseline 0.005 -24"><span class='ocrx_word' id='word_1_127' title='bbox 80 1949 102 2005; x_wconf 89' lang='lat' dir='ltr'>ei</span> <span class='ocrx_word' id='word_1_128' title='bbox 131 1947 176 2006; x_wconf 76' lang='lat' dir='ltr'>rel</span> <span class='ocrx_word' id='word_1_129' title='bbox 203 1949 336 2008; x_wconf 86' lang='lat' dir='ltr'>maxima</span> <span class='ocrx_word' id='word_1_130' title='bbox 357 1949 478 2028; x_wconf 85' lang='lat' dir='ltr'>propria</span> <span class='ocrx_word' id='word_1_131' title='bbox 503 1958 560 2022; x_wconf 86' lang='lat' dir='ltr'>est,</span> <span class='ocrx_word' id='word_1_132' title='bbox 593 1967 689 2026; x_wconf 88' lang='lat' dir='ltr'>neque</span> <span class='ocrx_word' id='word_1_133' title='bbox 711 1949 749 2007; x_wconf 90' lang='lat' dir='ltr'>ab</span> <span class='ocrx_word' id='word_1_134' title='bbox 771 1967 808 2008; x_wconf 91' lang='lat' dir='ltr'>ea</span> <span class='ocrx_word' id='word_1_135' title='bbox 829 1949 969 2008; x_wconf 90' lang='lat' dir='ltr'>abhorret</span> <span class='ocrx_word' id='word_1_136' title='bbox 989 1951 1133 2028; x_wconf 87' lang='lat' dir='ltr'>aspiratio</span> <span class='ocrx_word' id='word_1_137' title='bbox 1159 1951 1190 2008; x_wconf 95' lang='lat' dir='ltr'>in</span> <span class='ocrx_word' id='word_1_138' title='bbox 1213 1949 1398 2012; x_wconf 87' lang='lat' dir='ltr'>Graecanico</span> 
     </span>
     <span class='ocr_line' id='line_1_14' title="bbox 80 2051 1329 2130; baseline 0.004 -22"><span class='ocrx_word' id='word_1_139' title='bbox 80 2051 244 2129; x_wconf 87' lang='lat' dir='ltr'>cognomine</span> <span class='ocrx_word' id='word_1_140' title='bbox 265 2052 419 2130; x_wconf 70' lang='lat' dir='ltr'>Pamphilo</span> <span class='ocrx_word' id='word_1_141' title='bbox 441 2071 468 2110; x_wconf 88' lang='lat' dir='ltr'>v.</span> <span class='ocrx_word' id='word_1_142' title='bbox 494 2051 522 2112; x_wconf 90' lang='lat'>5.</span> <span class='ocrx_word' id='word_1_143' title='bbox 545 2051 705 2111; x_wconf 88' lang='lat' dir='ltr'>Praeterea</span> <span class='ocrx_word' id='word_1_144' title='bbox 725 2051 889 2111; x_wconf 86' lang='lat' dir='ltr'>notandum</span> <span class='ocrx_word' id='word_1_145' title='bbox 912 2071 941 2112; x_wconf 85' lang='lat' dir='ltr'>v.</span> <span class='ocrx_word' id='word_1_146' title='bbox 965 2053 982 2110; x_wconf 81' lang='lat' dir='ltr'>&#39;l</span> <span class='ocrx_word' id='word_1_147' title='bbox 1006 2054 1043 2130; x_wconf 70' lang='lat' dir='ltr'>a]</span> <span class='ocrx_word' id='word_1_148' title='bbox 1060 2071 1115 2128; x_wconf 91' lang='lat' dir='ltr'>pro</span> <span class='ocrx_word' id='word_1_149' title='bbox 1138 2073 1165 2113; x_wconf 86' lang='lat' dir='ltr'>a.</span> <span class='ocrx_word' id='word_1_150' title='bbox 1327 2053 1329 2058; x_wconf 79' lang='grc'><strong>’</strong></span> 
     </span>
    </p>
   </div>
   <div class='ocr_carea' id='block_1_3' title="bbox 77 2624 1398 3713">
    <p class='ocr_par' dir='ltr' id='par_1_3' title="bbox 77 2624 1398 3713">
     <span class='ocr_line' id='line_1_15' title="bbox 78 2624 1396 2712; baseline 0.006 -28"><span class='ocrx_word' id='word_1_151' title='bbox 78 2624 139 2685; x_wconf 74' lang='grc'>298</span> <span class='ocrx_word' id='word_1_152' title='bbox 159 2625 305 2687; x_wconf 88' lang='lat' dir='ltr'>Luceriae</span> <span class='ocrx_word' id='word_1_153' title='bbox 328 2646 423 2704; x_wconf 86' lang='lat' dir='ltr'>nuper</span> <span class='ocrx_word' id='word_1_154' title='bbox 436 2635 555 2704; x_wconf 84' lang='lat' dir='ltr'>reperta</span> <span class='ocrx_word' id='word_1_155' title='bbox 576 2628 606 2686; x_wconf 91' lang='lat' dir='ltr'>iu</span> <span class='ocrx_word' id='word_1_156' title='bbox 626 2627 677 2686; x_wconf 84' lang='lat' dir='ltr'>ria</span> <span class='ocrx_word' id='word_1_157' title='bbox 691 2645 750 2704; x_wconf 92' lang='lat' dir='ltr'>qua</span> <span class='ocrx_word' id='word_1_158' title='bbox 764 2627 888 2703; x_wconf 88' lang='lat' dir='ltr'>Trojam</span> <span class='ocrx_word' id='word_1_159' title='bbox 908 2627 968 2687; x_wconf 90' lang='lat' dir='ltr'>itur</span> <span class='ocrx_word' id='word_1_160' title='bbox 981 2627 1148 2690; x_wconf 81' lang='lat' dir='ltr'>n&#39;Auntrs.</span> <span class='ocrx_word' id='word_1_161' title='bbox 1170 2629 1272 2690; x_wconf 88' lang='lat' dir='ltr'>Huius</span> <span class='ocrx_word' id='word_1_162' title='bbox 1287 2633 1396 2712; x_wconf 90' lang='lat' dir='ltr'>lapidis</span> 
     </span>
     <span class='ocr_line' id='line_1_16' title="bbox 78 2727 1398 2806; baseline 0.007 -22"><span class='ocrx_word' id='word_1_163' title='bbox 78 2729 185 2788; x_wconf 82' lang='lat' dir='ltr'>videndi</span> <span class='ocrx_word' id='word_1_164' title='bbox 208 2747 302 2788; x_wconf 89' lang='lat' dir='ltr'>causa</span> <span class='ocrx_word' id='word_1_165' title='bbox 323 2747 350 2787; x_wconf 87' lang='lat' dir='ltr'>a.</span> <span class='ocrx_word' id='word_1_166' title='bbox 376 2727 454 2788; x_wconf 80' lang='lat'><strong>1873</strong></span> <span class='ocrx_word' id='word_1_167' title='bbox 477 2728 636 2789; x_wconf 83' lang='lat' dir='ltr'>Luceriam</span> <span class='ocrx_word' id='word_1_168' title='bbox 659 2731 810 2806; x_wconf 83' lang='lat' dir='ltr'>proiectus</span> <span class='ocrx_word' id='word_1_169' title='bbox 832 2731 894 2789; x_wconf 81' lang='lat' dir='ltr'>vidi</span> <span class='ocrx_word' id='word_1_170' title='bbox 916 2749 993 2804; x_wconf 90' lang='lat' dir='ltr'>eum,</span> <span class='ocrx_word' id='word_1_171' title='bbox 1018 2732 1071 2790; x_wconf 90' lang='lat' dir='ltr'>sed</span> <span class='ocrx_word' id='word_1_172' title='bbox 1093 2733 1257 2794; x_wconf 89' lang='lat' dir='ltr'>coniectum</span> <span class='ocrx_word' id='word_1_173' title='bbox 1279 2737 1310 2794; x_wconf 94' lang='lat' dir='ltr'>in</span> <span class='ocrx_word' id='word_1_174' title='bbox 1330 2736 1398 2795; x_wconf 88' lang='lat' dir='ltr'>iun·</span> 
     </span>
     <span class='ocr_line' id='line_1_17' title="bbox 78 2831 1396 2914; baseline 0.008 -27"><span class='ocrx_word' id='word_1_175' title='bbox 78 2831 203 2890; x_wconf 85' lang='lat' dir='ltr'>damenta</span> <span class='ocrx_word' id='word_1_176' title='bbox 225 2832 335 2891; x_wconf 89' lang='lat' dir='ltr'>domus</span> <span class='ocrx_word' id='word_1_177' title='bbox 358 2851 434 2908; x_wconf 87' lang='lat' dir='ltr'>quae</span> <span class='ocrx_word' id='word_1_178' title='bbox 465 2833 608 2910; x_wconf 88' lang='lat' dir='ltr'>angulum</span> <span class='ocrx_word' id='word_1_179' title='bbox 636 2833 708 2892; x_wconf 85' lang='lat' dir='ltr'>facit</span> <span class='ocrx_word' id='word_1_180' title='bbox 738 2833 816 2892; x_wconf 87' lang='lat' dir='ltr'>inter</span> <span class='ocrx_word' id='word_1_181' title='bbox 849 2834 927 2892; x_wconf 71' lang='lat' dir='ltr'>mam</span> <span class='ocrx_word' id='word_1_182' title='bbox 954 2835 1056 2894; x_wconf 81' lang='lat' dir='ltr'>Bruuo</span> <span class='ocrx_word' id='word_1_183' title='bbox 1087 2843 1117 2894; x_wconf 87' lang='lat' dir='ltr'>et</span> <span class='ocrx_word' id='word_1_184' title='bbox 1145 2836 1242 2895; x_wconf 83' lang='lat' dir='ltr'>vicum</span> <span class='ocrx_word' id='word_1_185' title='bbox 1272 2838 1396 2914; x_wconf 77' lang='lat' dir='ltr'>Perpola</span> 
     </span>
     <span class='ocr_line' id='line_1_18' title="bbox 78 2933 1396 3014; baseline 0.008 -25"><span class='ocrx_word' id='word_1_186' title='bbox 78 2934 177 3010; x_wconf 88' lang='lat' dir='ltr'>scripta</span> <span class='ocrx_word' id='word_1_187' title='bbox 196 2942 286 3011; x_wconf 87' lang='lat' dir='ltr'>parte</span> <span class='ocrx_word' id='word_1_188' title='bbox 306 2933 418 2994; x_wconf 87' lang='lat' dir='ltr'>latente</span> <span class='ocrx_word' id='word_1_189' title='bbox 444 2941 475 2992; x_wconf 89' lang='lat' dir='ltr'>et</span> <span class='ocrx_word' id='word_1_190' title='bbox 501 2936 626 3012; x_wconf 88' lang='lat' dir='ltr'>sepulta.</span> <span class='ocrx_word' id='word_1_191' title='bbox 670 2937 777 3012; x_wconf 90' lang='lat' dir='ltr'>Itaque</span> <span class='ocrx_word' id='word_1_192' title='bbox 804 2935 929 2996; x_wconf 89' lang='lat' dir='ltr'>ducibus</span> <span class='ocrx_word' id='word_1_193' title='bbox 958 2937 1173 3014; x_wconf 86' lang='lat' dir='ltr'>comitibusque</span> <span class='ocrx_word' id='word_1_194' title='bbox 1205 2939 1280 2998; x_wconf 89' lang='lat' dir='ltr'>meis</span> <span class='ocrx_word' id='word_1_195' title='bbox 1301 2938 1396 3000; x_wconf 89' lang='lat' dir='ltr'>Luce·</span> 
     </span>
     <span class='ocr_line' id='line_1_19' title="bbox 77 3036 1395 3116; baseline 0.007 -23"><span class='ocrx_word' id='word_1_196' title='bbox 77 3036 138 3096; x_wconf 87' lang='lat' dir='ltr'>rinis</span> <span class='ocrx_word' id='word_1_197' title='bbox 158 3057 225 3096; x_wconf 90' lang='lat' dir='ltr'>cum</span> <span class='ocrx_word' id='word_1_198' title='bbox 252 3036 284 3095; x_wconf 92' lang='lat' dir='ltr'>in</span> <span class='ocrx_word' id='word_1_199' title='bbox 311 3057 343 3096; x_wconf 89' lang='lat' dir='ltr'>re</span> <span class='ocrx_word' id='word_1_200' title='bbox 369 3039 519 3113; x_wconf 89' lang='lat' dir='ltr'>praesenti</span> <span class='ocrx_word' id='word_1_201' title='bbox 548 3037 778 3114; x_wconf 85' lang='lat' dir='ltr'>exprobrassem</span> <span class='ocrx_word' id='word_1_202' title='bbox 809 3039 890 3114; x_wconf 90' lang='lat' dir='ltr'>quod</span> <span class='ocrx_word' id='word_1_203' title='bbox 915 3039 1145 3116; x_wconf 88' lang='lat' dir='ltr'>pulcherrimum</span> <span class='ocrx_word' id='word_1_204' title='bbox 1172 3054 1395 3102; x_wconf 88' lang='lat' dir='ltr'>monumentum</span> 
     </span>
     <span class='ocr_line' id='line_1_20' title="bbox 77 3139 1396 3223; baseline 0.008 -27"><span class='ocrx_word' id='word_1_205' title='bbox 77 3139 175 3198; x_wconf 80' lang='lat' dir='ltr'>infelici</span> <span class='ocrx_word' id='word_1_206' title='bbox 200 3157 275 3200; x_wconf 88' lang='lat' dir='ltr'>casn</span> <span class='ocrx_word' id='word_1_207' title='bbox 301 3147 405 3198; x_wconf 88' lang='lat' dir='ltr'>nostra</span> <span class='ocrx_word' id='word_1_208' title='bbox 425 3147 521 3199; x_wconf 88' lang='lat' dir='ltr'>aetate</span> <span class='ocrx_word' id='word_1_209' title='bbox 543 3140 581 3198; x_wconf 92' lang='lat' dir='ltr'>ab</span> <span class='ocrx_word' id='word_1_210' title='bbox 603 3141 753 3200; x_wconf 89' lang='lat' dir='ltr'>oblivione</span> <span class='ocrx_word' id='word_1_211' title='bbox 779 3159 940 3220; x_wconf 86' lang='lat' dir='ltr'>resurgens</span> <span class='ocrx_word' id='word_1_212' title='bbox 962 3150 1022 3202; x_wconf 89' lang='lat' dir='ltr'>tam</span> <span class='ocrx_word' id='word_1_213' title='bbox 1044 3143 1169 3204; x_wconf 87' lang='lat' dir='ltr'>barbare</span> <span class='ocrx_word' id='word_1_214' title='bbox 1195 3143 1289 3220; x_wconf 90' lang='lat' dir='ltr'>proici</span> <span class='ocrx_word' id='word_1_215' title='bbox 1314 3147 1396 3223; x_wconf 89' lang='lat' dir='ltr'>passi</span> 
     </span>
     <span class='ocr_line' id='line_1_21' title="bbox 77 3241 1396 3324; baseline 0.008 -28"><span class='ocrx_word' id='word_1_216' title='bbox 77 3250 171 3316; x_wconf 84' lang='lat' dir='ltr'>essent,</span> <span class='ocrx_word' id='word_1_217' title='bbox 198 3243 382 3302; x_wconf 88' lang='lat' dir='ltr'>erubuerunt</span> <span class='ocrx_word' id='word_1_218' title='bbox 408 3250 438 3302; x_wconf 91' lang='lat' dir='ltr'>et</span> <span class='ocrx_word' id='word_1_219' title='bbox 465 3249 628 3302; x_wconf 86' lang='lat' dir='ltr'>tacuerunt.</span> <span class='ocrx_word' id='word_1_220' title='bbox 673 3241 753 3304; x_wconf 87' lang='lat' dir='ltr'>Sane</span> <span class='ocrx_word' id='word_1_221' title='bbox 780 3263 840 3302; x_wconf 91' lang='lat' dir='ltr'>non</span> <span class='ocrx_word' id='word_1_222' title='bbox 867 3245 966 3304; x_wconf 87' lang='lat' dir='ltr'>verbis</span> <span class='ocrx_word' id='word_1_223' title='bbox 992 3246 1175 3323; x_wconf 86' lang='lat' dir='ltr'>paenitentia</span> <span class='ocrx_word' id='word_1_224' title='bbox 1207 3247 1244 3304; x_wconf 90' lang='lat' dir='ltr'>iis</span> <span class='ocrx_word' id='word_1_225' title='bbox 1277 3250 1396 3324; x_wconf 84' lang='lat' dir='ltr'>agenda</span> 
     </span>
     <span class='ocr_line' id='line_1_22' title="bbox 78 3340 1395 3422; baseline 0.007 -22"><span class='ocrx_word' id='word_1_226' title='bbox 78 3351 122 3416; x_wconf 86' lang='lat' dir='ltr'>est,</span> <span class='ocrx_word' id='word_1_227' title='bbox 146 3345 197 3404; x_wconf 88' lang='lat' dir='ltr'>sed</span> <span class='ocrx_word' id='word_1_228' title='bbox 223 3365 258 3404; x_wconf 89' lang='lat' dir='ltr'>re</span> <span class='ocrx_word' id='word_1_229' title='bbox 285 3352 316 3403; x_wconf 88' lang='lat' dir='ltr'>et</span> <span class='ocrx_word' id='word_1_230' title='bbox 342 3345 443 3418; x_wconf 86' lang='lat' dir='ltr'>factie;</span> <span class='ocrx_word' id='word_1_231' title='bbox 477 3345 557 3422; x_wconf 91' lang='lat' dir='ltr'>quod</span> <span class='ocrx_word' id='word_1_232' title='bbox 590 3347 617 3404; x_wconf 92' lang='lat' dir='ltr'>si</span> <span class='ocrx_word' id='word_1_233' title='bbox 648 3340 709 3405; x_wconf 87' lang='lat' dir='ltr'>non</span> <span class='ocrx_word' id='word_1_234' title='bbox 736 3346 863 3419; x_wconf 82' lang='lat' dir='ltr'>iaciunt,</span> <span class='ocrx_word' id='word_1_235' title='bbox 900 3365 955 3406; x_wconf 92' lang='lat' dir='ltr'>nos</span> <span class='ocrx_word' id='word_1_236' title='bbox 985 3347 1036 3406; x_wconf 92' lang='lat' dir='ltr'>ubi</span> <span class='ocrx_word' id='word_1_237' title='bbox 1065 3348 1161 3406; x_wconf 85' lang='lat' dir='ltr'>adhuc</span> <span class='ocrx_word' id='word_1_238' title='bbox 1187 3347 1395 3410; x_wconf 80' lang='lat' dir='ltr'>vandalorum</span> 
     </span>
     <span class='ocr_line' id='line_1_23' title="bbox 79 3447 1395 3530; baseline 0.007 -28"><span class='ocrx_word' id='word_1_239' title='bbox 79 3465 171 3506; x_wconf 90' lang='lat' dir='ltr'>nomen</span> <span class='ocrx_word' id='word_1_240' title='bbox 193 3447 330 3506; x_wconf 90' lang='lat' dir='ltr'>adbiberi</span> <span class='ocrx_word' id='word_1_241' title='bbox 352 3455 520 3520; x_wconf 87' lang='lat' dir='ltr'>consuerat,</span> <span class='ocrx_word' id='word_1_242' title='bbox 542 3449 585 3507; x_wconf 92' lang='lat' dir='ltr'>ibi</span> <span class='ocrx_word' id='word_1_243' title='bbox 606 3447 772 3508; x_wconf 87' lang='lat' dir='ltr'>Lucerinos</span> <span class='ocrx_word' id='word_1_244' title='bbox 795 3449 935 3528; x_wconf 85' lang='lat' dir='ltr'>deinceps</span> <span class='ocrx_word' id='word_1_245' title='bbox 957 3451 1187 3522; x_wconf 88' lang='lat' dir='ltr'>nominabimus,</span> <span class='ocrx_word' id='word_1_246' title='bbox 1209 3453 1320 3530; x_wconf 89' lang='lat' dir='ltr'>quippe</span> <span class='ocrx_word' id='word_1_247' title='bbox 1342 3454 1395 3530; x_wconf 92' lang='lat' dir='ltr'>qui</span> 
     </span>
     <span class='ocr_line' id='line_1_24' title="bbox 77 3547 1395 3630; baseline 0.007 -25"><span class='ocrx_word' id='word_1_248' title='bbox 77 3547 205 3609; x_wconf 85' lang='lat' dir='ltr'>Italorum</span> <span class='ocrx_word' id='word_1_249' title='bbox 219 3568 340 3622; x_wconf 88' lang='lat' dir='ltr'>nomen,</span> <span class='ocrx_word' id='word_1_250' title='bbox 362 3567 422 3626; x_wconf 92' lang='lat' dir='ltr'>quo</span> <span class='ocrx_word' id='word_1_251' title='bbox 437 3551 543 3610; x_wconf 90' lang='lat' dir='ltr'>merito</span> <span class='ocrx_word' id='word_1_252' title='bbox 559 3551 735 3627; x_wconf 86' lang='lat' dir='ltr'>gloriantur,</span> <span class='ocrx_word' id='word_1_253' title='bbox 757 3553 837 3630; x_wconf 85' lang='lat' dir='ltr'>turpi</span> <span class='ocrx_word' id='word_1_254' title='bbox 852 3553 1061 3630; x_wconf 85' lang='lat' dir='ltr'>antiquitatum</span> <span class='ocrx_word' id='word_1_255' title='bbox 1077 3555 1240 3629; x_wconf 86' lang='lat' dir='ltr'>patriarum</span> <span class='ocrx_word' id='word_1_256' title='bbox 1256 3555 1395 3614; x_wconf 89' lang='lat' dir='ltr'>socordia</span> 
     </span>
     <span class='ocr_line' id='line_1_25' title="bbox 78 3649 268 3713; baseline 0.037 -7"><span class='ocrx_word' id='word_1_257' title='bbox 78 3649 268 3713; x_wconf 75' lang='lat' dir='ltr'>dehonestent.</span> 
     </span>
    </p>
   </div>
   <div class='ocr_carea' id='block_1_4' title="bbox 367 3836 1090 4600">
    <p class='ocr_par' dir='ltr' id='par_1_4' title="bbox 367 3836 1090 4600">
     <span class='ocr_line' id='line_1_26' title="bbox 420 3836 920 3882; baseline 0.008 -4"><span class='ocrx_word' id='word_1_258' title='bbox 420 3839 469 3879; x_wconf 86' lang='lat' dir='ltr'>ru·</span> <span class='ocrx_word' id='word_1_259' title='bbox 484 3837 565 3882; x_wconf 84' lang='lat' dir='ltr'>uoce</span> <span class='ocrx_word' id='word_1_260' title='bbox 578 3852 584 3866; x_wconf 92' lang='lat'><strong>·</strong></span> <span class='ocrx_word' id='word_1_261' title='bbox 599 3836 756 3882; x_wconf 79' lang='lat' dir='ltr'>uovcaurn</span> <span class='ocrx_word' id='word_1_262' title='bbox 770 3853 776 3867; x_wconf 93' lang='lat'><strong>·</strong></span> <span class='ocrx_word' id='word_1_263' title='bbox 791 3838 920 3882; x_wconf 86' lang='lat' dir='ltr'>srrucvs</span> 
     </span>
     <span class='ocr_line' id='line_1_27' title="bbox 424 3927 1013 3985; baseline 0.007 -4"><span class='ocrx_word' id='word_1_264' title='bbox 424 3940 464 3982; x_wconf 80' lang='lat' dir='ltr'>us</span> <span class='ocrx_word' id='word_1_265' title='bbox 476 3927 487 3984; x_wconf 87' lang='lat' dir='ltr'>l</span> <span class='ocrx_word' id='word_1_266' title='bbox 494 3927 504 3983; x_wconf 87' lang='lat' dir='ltr'>l</span> <span class='ocrx_word' id='word_1_267' title='bbox 515 3941 540 3983; x_wconf 84' lang='lat' dir='ltr'>rs</span> <span class='ocrx_word' id='word_1_268' title='bbox 552 3956 558 3968; x_wconf 92' lang='lat'><strong>·</strong></span> <span class='ocrx_word' id='word_1_269' title='bbox 571 3941 729 3984; x_wconf 72' lang='lat' dir='ltr'>sunosrro</span> <span class='ocrx_word' id='word_1_270' title='bbox 744 3956 750 3969; x_wconf 93' lang='lat'>·</span> <span class='ocrx_word' id='word_1_271' title='bbox 763 3943 858 3984; x_wconf 84' lang='lat' dir='ltr'>usve-</span> <span class='ocrx_word' id='word_1_272' title='bbox 872 3941 1013 3985; x_wconf 75' lang='lat' dir='ltr'>canavas</span> 
     </span>
     <span class='ocr_line' id='line_1_28' title="bbox 455 4041 967 4086; baseline 0.006 -3"><span class='ocrx_word' id='word_1_273' title='bbox 455 4041 634 4086; x_wconf 75' lang='lat' dir='ltr'>ruorscrrun</span> <span class='ocrx_word' id='word_1_274' title='bbox 647 4058 654 4072; x_wconf 93' lang='lat'><strong>·</strong></span> <span class='ocrx_word' id='word_1_275' title='bbox 667 4044 745 4086; x_wconf 82' lang='lat' dir='ltr'>usus</span> <span class='ocrx_word' id='word_1_276' title='bbox 757 4043 967 4086; x_wconf 75' lang='lat' dir='ltr'><strong>·PARENTAT1n</strong></span> 
     </span>
     <span class='ocr_line' id='line_1_29' title="bbox 419 4135 1090 4200; baseline 0.009 -14"><span class='ocrx_word' id='word_1_277' title='bbox 419 4144 481 4187; x_wconf 85' lang='lat' dir='ltr'>sn·</span> <span class='ocrx_word' id='word_1_278' title='bbox 499 4144 572 4200; x_wconf 71' lang='lat' dir='ltr'>Qus</span> <span class='ocrx_word' id='word_1_279' title='bbox 585 4160 591 4174; x_wconf 91' lang='lat'><strong>·</strong></span> <span class='ocrx_word' id='word_1_280' title='bbox 606 4145 757 4188; x_wconf 74' lang='lat' dir='ltr'>auvousv</span> <span class='ocrx_word' id='word_1_281' title='bbox 769 4161 775 4174; x_wconf 93' lang='lat'>·</span> <span class='ocrx_word' id='word_1_282' title='bbox 787 4147 849 4190; x_wconf 72' lang='lat' dir='ltr'>nac</span> <span class='ocrx_word' id='word_1_283' title='bbox 861 4162 867 4176; x_wconf 90' lang='lat'><strong>·</strong></span> <span class='ocrx_word' id='word_1_284' title='bbox 880 4147 968 4190; x_wconf 76' lang='lat' dir='ltr'>raxrr</span> <span class='ocrx_word' id='word_1_285' title='bbox 983 4135 1090 4192; x_wconf 84' lang='lat' dir='ltr'>lllrvn</span> 
     </span>
     <span class='ocr_line' id='line_1_30' title="bbox 367 4247 1047 4304; baseline 0.006 -14"><span class='ocrx_word' id='word_1_286' title='bbox 367 4252 379 4290; x_wconf 79' lang='lat' dir='ltr'>a</span> <span class='ocrx_word' id='word_1_287' title='bbox 462 4247 753 4304; x_wconf 61' lang='lat' dir='ltr'>‹QV1s-votsmuo</span> <span class='ocrx_word' id='word_1_288' title='bbox 767 4248 996 4294; x_wconf 79' lang='lat' dir='ltr'>·10vo1caron·</span> <span class='ocrx_word' id='word_1_289' title='bbox 1012 4251 1047 4294; x_wconf 80' lang='lat' dir='ltr'>ru</span> 
     </span>
     <span class='ocr_line' id='line_1_31' title="bbox 461 4349 974 4396; baseline 0.006 -4"><span class='ocrx_word' id='word_1_290' title='bbox 461 4349 577 4394; x_wconf 75' lang='lat' dir='ltr'>manvu</span> <span class='ocrx_word' id='word_1_291' title='bbox 590 4365 597 4378; x_wconf 89' lang='lat'><strong>·</strong></span> <span class='ocrx_word' id='word_1_292' title='bbox 608 4349 732 4394; x_wconf 83' lang='lat' dir='ltr'>rurscro</span> <span class='ocrx_word' id='word_1_293' title='bbox 744 4365 751 4379; x_wconf 92' lang='lat'><strong>·</strong></span> <span class='ocrx_word' id='word_1_294' title='bbox 763 4351 863 4395; x_wconf 82' lang='lat' dir='ltr'>esron</span> <span class='ocrx_word' id='word_1_295' title='bbox 875 4367 881 4380; x_wconf 94' lang='lat'><em>·</em></span> <span class='ocrx_word' id='word_1_296' title='bbox 892 4351 974 4396; x_wconf 80' lang='lat' dir='ltr'>servs</span> 
     </span>
     <span class='ocr_line' id='line_1_32' title="bbox 459 4440 1042 4498; baseline 0.01 -6"><span class='ocrx_word' id='word_1_297' title='bbox 459 4451 524 4496; x_wconf 78' lang='lat' dir='ltr'>uae</span> <span class='ocrx_word' id='word_1_298' title='bbox 535 4440 561 4497; x_wconf 84' lang='lat' dir='ltr'>ll</span> <span class='ocrx_word' id='word_1_299' title='bbox 576 4452 749 4496; x_wconf 80' lang='lat' dir='ltr'>srsnnrvs·</span> <span class='ocrx_word' id='word_1_300' title='bbox 762 4455 864 4497; x_wconf 77' lang='lat' dir='ltr'>vocer</span> <span class='ocrx_word' id='word_1_301' title='bbox 878 4469 885 4483; x_wconf 92' lang='lat'><strong>·</strong></span> <span class='ocrx_word' id='word_1_302' title='bbox 898 4453 1042 4498; x_wconf 76' lang='lat' dir='ltr'>recursus</span> 
     </span>
     <span class='ocr_line' id='line_1_33' title="bbox 686 4542 837 4600; baseline -0.013 0"><span class='ocrx_word' id='word_1_303' title='bbox 686 4542 837 4600; x_wconf 82' lang='lat' dir='ltr'>lllcsron</span> 
     </span>
    </p>
   </div>
   <div class='ocr_carea' id='block_1_5' title="bbox 82 4699 263 4717">
    <p class='ocr_par' dir='ltr' id='par_1_5' title="bbox 82 4699 263 4717">
     <span class='ocr_line' id='line_1_34' title="bbox 82 4699 263 4717; baseline 0.011 -3"><span class='ocrx_word' id='word_1_304' title='bbox 82 4699 263 4717; x_wconf 43' lang='grc' dir='ltr'>Ἢ</span> 
     </span>
    </p>
   </div>
   <div class='ocr_carea' id='block_1_6' title="bbox 82 4869 1391 5402">
    <p class='ocr_par' dir='ltr' id='par_1_6' title="bbox 83 4869 1391 5128">
     <span class='ocr_line' id='line_1_35' title="bbox 142 4869 1389 4942; baseline 0.002 -15"><span class='ocrx_word' id='word_1_305' title='bbox 142 4869 163 4933; x_wconf 87' lang='lat'>¹)</span> <span class='ocrx_word' id='word_1_306' title='bbox 181 4876 279 4927; x_wconf 83' lang='lat' dir='ltr'>Verum</span> <span class='ocrx_word' id='word_1_307' title='bbox 306 4883 345 4926; x_wconf 88' lang='lat' dir='ltr'>eat</span> <span class='ocrx_word' id='word_1_308' title='bbox 372 4877 441 4942; x_wconf 87' lang='lat' dir='ltr'>apud</span> <span class='ocrx_word' id='word_1_309' title='bbox 468 4877 600 4927; x_wconf 89' lang='lat' dir='ltr'>Valerium</span> <span class='ocrx_word' id='word_1_310' title='bbox 619 4877 764 4927; x_wconf 86' lang='lat' dir='ltr'>Maximum</span> <span class='ocrx_word' id='word_1_311' title='bbox 785 4879 809 4940; x_wconf 84' lang='lat'>8,</span> <span class='ocrx_word' id='word_1_312' title='bbox 831 4877 856 4940; x_wconf 81' lang='lat'>5,</span> <span class='ocrx_word' id='word_1_313' title='bbox 880 4881 892 4928; x_wconf 94' lang='lat'>1</span> <span class='ocrx_word' id='word_1_314' title='bbox 922 4879 999 4928; x_wconf 87' lang='lat' dir='ltr'>ctiam</span> <span class='ocrx_word' id='word_1_315' title='bbox 1025 4879 1100 4928; x_wconf 88' lang='lat' dir='ltr'>alteri</span> <span class='ocrx_word' id='word_1_316' title='bbox 1126 4879 1157 4930; x_wconf 87' lang='lat' dir='ltr'>L.</span> <span class='ocrx_word' id='word_1_317' title='bbox 1186 4879 1292 4929; x_wconf 85' lang='lat' dir='ltr'>Metello</span> <span class='ocrx_word' id='word_1_318' title='bbox 1317 4878 1349 4940; x_wconf 82' lang='lat' dir='ltr'>Q.</span> <span class='ocrx_word' id='word_1_319' title='bbox 1369 4881 1389 4930; x_wconf 82' lang='lat' dir='ltr'>f.</span> 
     </span>
     <span class='ocr_line' id='line_1_36' title="bbox 84 4963 1391 5036; baseline 0.011 -28"><span class='ocrx_word' id='word_1_320' title='bbox 84 4963 163 5013; x_wconf 81' lang='lat' dir='ltr'>consuli</span> <span class='ocrx_word' id='word_1_321' title='bbox 180 4982 203 5017; x_wconf 86' lang='lat' dir='ltr'>a.</span> <span class='ocrx_word' id='word_1_322' title='bbox 224 4969 277 5018; x_wconf 81' lang='lat'>612</span> <span class='ocrx_word' id='word_1_323' title='bbox 298 4985 431 5020; x_wconf 85' lang='lat' dir='ltr'>censuram</span> <span class='ocrx_word' id='word_1_324' title='bbox 451 4969 571 5020; x_wconf 88' lang='lat' dir='ltr'>adscribi.</span> <span class='ocrx_word' id='word_1_325' title='bbox 608 4970 662 5022; x_wconf 87' lang='lat' dir='ltr'>Sed</span> <span class='ocrx_word' id='word_1_326' title='bbox 681 4985 814 5021; x_wconf 87' lang='lat' dir='ltr'>censorum</span> <span class='ocrx_word' id='word_1_327' title='bbox 838 4971 976 5021; x_wconf 86' lang='lat' dir='ltr'>laterculus</span> <span class='ocrx_word' id='word_1_328' title='bbox 1001 4985 1047 5036; x_wconf 87' lang='lat' dir='ltr'>par</span> <span class='ocrx_word' id='word_1_329' title='bbox 1070 4971 1118 5022; x_wconf 90' lang='lat' dir='ltr'>hos</span> <span class='ocrx_word' id='word_1_330' title='bbox 1137 4986 1218 5022; x_wconf 87' lang='lat' dir='ltr'>annos</span> <span class='ocrx_word' id='word_1_331' title='bbox 1243 4971 1333 5036; x_wconf 87' lang='lat' dir='ltr'>plenus</span> <span class='ocrx_word' id='word_1_332' title='bbox 1352 4979 1391 5022; x_wconf 87' lang='lat' dir='ltr'>est</span> 
     </span>
     <span class='ocr_line' id='line_1_37' title="bbox 83 5057 1028 5128; baseline 0.007 -23"><span class='ocrx_word' id='word_1_333' title='bbox 83 5057 203 5123; x_wconf 71' lang='lat' dir='ltr'>erravitque</span> <span class='ocrx_word' id='word_1_334' title='bbox 223 5061 279 5111; x_wconf 86' lang='lat' dir='ltr'>sine</span> <span class='ocrx_word' id='word_1_335' title='bbox 298 5061 376 5111; x_wconf 88' lang='lat' dir='ltr'>dubio</span> <span class='ocrx_word' id='word_1_336' title='bbox 396 5061 438 5112; x_wconf 91' lang='lat' dir='ltr'>bic</span> <span class='ocrx_word' id='word_1_337' title='bbox 458 5077 560 5128; x_wconf 87' lang='lat' dir='ltr'>quoqne</span> <span class='ocrx_word' id='word_1_338' title='bbox 578 5068 606 5111; x_wconf 86' lang='lat' dir='ltr'>ut</span> <span class='ocrx_word' id='word_1_339' title='bbox 625 5062 721 5126; x_wconf 85' lang='lat' dir='ltr'>passim</span> <span class='ocrx_word' id='word_1_340' title='bbox 740 5063 768 5113; x_wconf 90' lang='lat' dir='ltr'>in</span> <span class='ocrx_word' id='word_1_341' title='bbox 788 5063 881 5113; x_wconf 82' lang='lat' dir='ltr'>talibus</span> <span class='ocrx_word' id='word_1_342' title='bbox 900 5063 1028 5114; x_wconf 85' lang='lat' dir='ltr'>Valerius.</span> 
     </span>
    </p>

    <p class='ocr_par' dir='ltr' id='par_1_7' title="bbox 82 5146 1388 5402">
     <span class='ocr_line' id='line_1_38' title="bbox 142 5146 1388 5221; baseline 0.002 -19"><span class='ocrx_word' id='word_1_343' title='bbox 142 5146 164 5210; x_wconf 84' lang='lat'>¹)</span> <span class='ocrx_word' id='word_1_344' title='bbox 183 5149 215 5202; x_wconf 87' lang='lat' dir='ltr'>L.</span> <span class='ocrx_word' id='word_1_345' title='bbox 238 5149 364 5204; x_wconf 78' lang='lat' dir='ltr'>Caecilius</span> <span class='ocrx_word' id='word_1_346' title='bbox 384 5155 413 5214; x_wconf 85' lang='lat' dir='ltr'>(l.</span> <span class='ocrx_word' id='word_1_347' title='bbox 433 5153 551 5204; x_wconf 61' lang='lat' dir='ltr'>domiuus</span> <span class='ocrx_word' id='word_1_348' title='bbox 569 5153 663 5216; x_wconf 87' lang='lat' dir='ltr'>codex)</span> <span class='ocrx_word' id='word_1_349' title='bbox 681 5153 813 5206; x_wconf 83' lang='lat' dir='ltr'>Metellus:</span> <span class='ocrx_word' id='word_1_350' title='bbox 841 5157 897 5206; x_wconf 77' lang='lat' dir='ltr'>Lis.</span> <span class='ocrx_word' id='word_1_351' title='bbox 922 5172 962 5221; x_wconf 92' lang='lat' dir='ltr'>ep.</span> <span class='ocrx_word' id='word_1_352' title='bbox 982 5157 1025 5206; x_wconf 78' lang='lat'>62.</span> <span class='ocrx_word' id='word_1_353' title='bbox 1049 5151 1082 5204; x_wconf 87' lang='lat' dir='ltr'>L.</span> <span class='ocrx_word' id='word_1_354' title='bbox 1105 5152 1245 5206; x_wconf 76' lang='lat' dir='ltr'>Caecilius:</span> <span class='ocrx_word' id='word_1_355' title='bbox 1272 5155 1314 5205; x_wconf 85' lang='lat' dir='ltr'>lex</span> <span class='ocrx_word' id='word_1_356' title='bbox 1334 5170 1388 5220; x_wconf 88' lang='lat' dir='ltr'>agr.</span> 
     </span>
     <span class='ocr_line' id='line_1_39' title="bbox 82 5241 1388 5313; baseline 0.007 -22"><span class='ocrx_word' id='word_1_357' title='bbox 82 5249 101 5283; x_wconf 82' lang='lat' dir='ltr'>r.</span> <span class='ocrx_word' id='word_1_358' title='bbox 116 5241 202 5296; x_wconf 66' lang='lat' dir='ltr'>idid.</span> <span class='ocrx_word' id='word_1_359' title='bbox 223 5249 266 5296; x_wconf 76' lang='grc'>88.</span> <span class='ocrx_word' id='word_1_360' title='bbox 285 5243 318 5295; x_wconf 83' lang='lat' dir='ltr'>L.</span> <span class='ocrx_word' id='word_1_361' title='bbox 337 5243 469 5297; x_wconf 81' lang='lat' dir='ltr'>Metellus:</span> <span class='ocrx_word' id='word_1_362' title='bbox 490 5247 580 5298; x_wconf 89' lang='lat' dir='ltr'>Cicero</span> <span class='ocrx_word' id='word_1_363' title='bbox 599 5249 675 5297; x_wconf 90' lang='lat' dir='ltr'>Verr.</span> <span class='ocrx_word' id='word_1_364' title='bbox 694 5249 711 5299; x_wconf 91' lang='lat' dir='ltr'>l.</span> <span class='ocrx_word' id='word_1_365' title='bbox 735 5251 758 5311; x_wconf 91' lang='lat'>1,</span> <span class='ocrx_word' id='word_1_366' title='bbox 770 5248 813 5310; x_wconf 81' lang='lat'>55,</span> <span class='ocrx_word' id='word_1_367' title='bbox 837 5249 901 5312; x_wconf 83' lang='lat'>143;</span> <span class='ocrx_word' id='word_1_368' title='bbox 921 5263 968 5313; x_wconf 90' lang='lat' dir='ltr'>pro</span> <span class='ocrx_word' id='word_1_369' title='bbox 983 5247 1137 5311; x_wconf 79' lang='lat' dir='ltr'>Cluent42,</span> <span class='ocrx_word' id='word_1_370' title='bbox 1159 5248 1219 5299; x_wconf 84' lang='lat'><strong>119.</strong></span> <span class='ocrx_word' id='word_1_371' title='bbox 1240 5247 1388 5300; x_wconf 86' lang='lat' dir='ltr'>Cassiodor.</span> 
     </span>
     <span class='ocr_line' id='line_1_40' title="bbox 84 5329 613 5402; baseline 0.008 -15"><span class='ocrx_word' id='word_1_372' title='bbox 84 5329 109 5378; x_wconf 57' lang='grc' dir='ltr'><strong><em>Μ</em></strong></span> <span class='ocrx_word' id='word_1_373' title='bbox 124 5331 145 5382; x_wconf 85' lang='lat' dir='ltr'>h·</span> <span class='ocrx_word' id='word_1_374' title='bbox 162 5351 183 5386; x_wconf 75' lang='lat' dir='ltr'>a</span> <span class='ocrx_word' id='word_1_375' title='bbox 202 5339 323 5390; x_wconf 85' lang='lat' dir='ltr'>Valerius</span> <span class='ocrx_word' id='word_1_376' title='bbox 341 5339 474 5391; x_wconf 82' lang='lat' dir='ltr'>Maximus</span> <span class='ocrx_word' id='word_1_377' title='bbox 495 5341 520 5402; x_wconf 84' lang='lat'>2,</span> <span class='ocrx_word' id='word_1_378' title='bbox 542 5340 567 5401; x_wconf 83' lang='grc'>9,</span> <span class='ocrx_word' id='word_1_379' title='bbox 588 5341 613 5391; x_wconf 88' lang='grc'>9.</span> 
     </span>
    </p>
   </div>
   <div class='ocr_carea' id='block_1_7' title="bbox 0 0 1756 6004">
    <p class='ocr_par' dir='ltr' id='par_1_8' title="bbox 0 0 1756 6004">
     <span class='ocr_line' id='line_1_41' title="bbox 0 0 1756 6004; baseline 0 3"><span class='ocrx_word' id='word_1_380' title='bbox 0 0 1756 6004; x_wconf 95' lang='lat' dir='ltr'> </span> 
     </span>
    </p>
   </div>
  </div>
 </body>
</html>
