3520 6006
543 651 618 702 nux
637 651 719 702 con.
740 651 968 702 onusrrvsn.
1348 635 1415 706 131

107 755 912 764 ...Ἥ-..-

106 831 169 890 urbe
193 849 219 888 a
243 849 273 888 u.
294 850 320 888 c.
343 828 403 894 560
431 835 583 888 senatores
611 845 670 886 nou
699 827 797 886 solum
826 827 997 904 promiscue
1025 837 1162 905 spectare
1190 827 1336 902 desiisse,
1367 830 1420 888 sed

105 935 186 992 etiarn
207 941 317 992 statum
338 933 370 992 in
391 932 506 992 theatro
527 932 626 990 locum
648 930 832 990 orchestram
853 931 1005 1008 accepisse
1017 929 1055 1006 ¹),
1077 931 1167 1008 plane
1185 939 1217 990 ut
1230 932 1287 990 hac
1303 949 1421 1010 qnoque

103 1037 160 1113 lege
185 1043 317 1096 caretur.
361 1032 464 1095 Simile
492 1035 540 1094 ios
569 1033 720 1111 equitibus
746 1050 865 1110 quoque
889 1033 986 1092 tuisse
1012 1051 1067 1092 nec
1094 1033 1169 1092 haec
1196 1035 1254 1094 lex'
1273 1034 1423 1113 significat

104 1157 189 1216 neque
209 1137 292 1198 Iulia
317 1137 519 1216 municipalis,
545 1153 643 1213 neque
670 1135 751 1194 aliud
777 1135 841 1194 eius
867 1135 940 1196 iuris
967 1145 1054 1194 extra
1075 1136 1176 1196 urbem
1198 1139 1356 1216 propagati
1376 1138 1429 1200 in-.

103 1240 201 1300 dicium
229 1241 324 1300 ullum
346 1239 480 1317 repperi,
508 1247 638 1316 atquae
660 1237 697 1298 de
719 1257 756 1298 ea
775 1256 807 1296 re
829 1237 910 1315 leges
931 1237 1008 1298 latae
1031 1245 1114 1312 snut,
1141 1238 1179 1297 ad
1201 1239 1297 1300 solam
1319 1241 1420 1300 urbem

104 1343 277 1421 pertinuisse
298 1343 464 1402 videantur.

174 1445 217 1507 Ut
241 1445 280 1504 de
306 1446 371 1503 iure
397 1444 589 1504 decurionum
615 1463 676 1503 non
703 1445 871 1522 promiscue
897 1443 1050 1520 spectandi
1072 1463 1148 1520 quse
1170 1443 1242 1504 alibi
1264 1445 1422 1505 traduntur
1450 1447 1549 1510 Quibus

102 1549 167 1607 baec
190 1548 241 1607 lex
268 1549 425 1608 contirnuat
451 1555 481 1606 et
506 1548 651 1620 illustrat,
680 1548 723 1606 ita
743 1547 871 1625 primum
893 1545 1062 1606 accuratius
1083 1545 1274 1620 determinet,
1300 1549 1422 1627 quinam
1433 1523 1539 1660 “322²ss
1539 1597 1566 1646 di

101 1659 209 1726 praeter
229 1651 316 1729 ipsos
337 1651 513 1710 decuriones
535 1650 574 1711 ed
595 1651 668 1742 eius¹
682 1650 756 1708 iuris
778 1649 1013 1708 communionem
1029 1645 1169 1708 Caesaris
1191 1650 1306 1710 scilicet
1322 1660 1420 1712 aetate
1437 1671 1504 1720 inter
1516 1671 1561 1720 de-

101 1753 325 1812 admitterentur.
370 1753 448 1816 Sunt
468 1761 566 1812 autem
587 1753 627 1810 bi.
1436 1746 1554 1794 ⁰⁰fl⁰⁰0³

176 1859 203 1914 1.
239 1857 438 1934 Magistratus
460 1873 553 1933 prove
574 1856 751 1932 magistratu
774 1853 909 1914 coloniae
930 1853 981 1930 qui
1004 1853 1073 1925 sint,
1095 1863 1128 1912 ut
1148 1856 1178 1912 in
1200 1855 1282 1914 curia
1302 1853 1420 1930 adsunt,

99 1959 161 2016 licet
180 1957 240 2036 ipsi
263 1969 418 2020 senatores
441 1977 500 2016 non
523 1957 592 2031 sint,
614 1958 658 2016 ita
678 1957 709 2016 in
730 1957 846 2015 theatro
867 1975 986 2035 quoque
1007 1957 1196 2016 senatoribus
1215 1975 1268 2018 eos
1284 1957 1421 2018 adsidere

98 2062 141 2119 lex
160 2071 247 2120 cavet
270 2063 299 2134 6,
320 2061 460 2120 13-17:
483 2063 565 2138 quive
586 2071 643 2119 tum
664 2063 850 2136 mapistrotus
871 2063 1021 2136 imperium
1037 2069 1237 2136 potestatemve
1259 2061 1421 2120 colonorum

98 2164 228 2238 suffrapio
248 2173 329 2240 peret
354 2168 489 2240 iussuque
510 2163 541 2223 C.
568 2163 702 2224 Cameris
730 2163 879 2222 dictatorie
905 2162 1030 2222 consulis
1053 2181 1145 2238 prom
1167 2163 1280 2224 consule
1301 2164 1421 2236 lalemt,

97 2287 170 2358 quies
187 2303 246 2361 pro
272 2303 327 2361 quio
349 2289 466 2361 imperio
484 2295 623 2362 potestate
645 2295 702 2343 turn
724 2288 753 2342 in
774 2284 888 2344 colonia
913 2283 1050 2347 Genetiva
1071 2287 1133 2342 erit.
1173 2285 1209 2343 In
1231 2286 1305 2344 urbe
1327 2287 1421 2362 magi-

98 2387 233 2446 stratibus
257 2397 319 2446 tam
341 2389 372 2446 in
394 2388 472 2447 circo
494 2406 583 2465 quam
606 2388 637 2445 in
658 2389 775 2446 theatro
797 2405 854 2446 sua
874 2387 942 2445 loca
962 2381 1103 2463 crant2),
1130 2404 1207 2464 qnae
1229 2387 1421 2458 decurionum

96 2489 164 2548 locis
186 2490 407 2565 comprehensa
428 2491 522 2549 luisse
544 2491 604 2548 iam
626 2489 813 2568 intellegitur.

172 2591 200 2650 2.
247 2592 367 2667 Quibus
395 2593 588 2652 decurionum
616 2592 735 2651 decreto
763 2592 849 2650 locus
878 2591 966 2650 datus
993 2601 1039 2652 est
1064 2595 1141 2652 inter
1167 2593 1342 2653 decuriones
1371 2593 1420 2670 (6,

100 2693 244 2770 17-19),
273 2695 294 2754 ii
320 2694 382 2753 lere
409 2705 488 2765 sunt,
517 2695 625 2772 quibus
651 2705 826 2754 ornamenta
853 2693 1056 2754 decurionalia
1081 2696 1152 2754 data
1175 2696 1314 2755 relictave
1340 2703 1420 2768 sunt,

98 2816 158 2855 nam
184 2799 267 2856 inter
294 2817 330 2856 ea
349 2793 445 2856 ‘locus
467 2799 636 2857 senatorius
658 2793 761 2868 ludis’‚
787 2805 820 2855 ut
841 2794 987 2874 Cicerol)
1009 2799 1065 2871 ait,
1092 2799 1156 2857 sive
1176 2793 1361 2858 ‘consessus'
1382 2801 1420 2859 ab

97 2899 192 2960 ordine
213 2901 316 2972 datus,
338 2909 371 2958 ut
392 2901 490 2960 estin
511 2899 599 2958 titulo
620 2897 887 2978 Lugudunensil),
910 2899 958 2957 vel
979 2901 1172 2978 praecipuum
1193 2911 1249 2960 est.

172 3003 201 3061 3.
254 3001 393 3064 Senatori
425 3003 530 3080 populi
558 3001 689 3062 Romani
721 3003 809 3079 quive
837 3009 957 3060 senator
984 3002 1058 3074 tuit,
1092 3003 1162 3061 item
1191 3002 1252 3061 filio
1280 3005 1345 3062 eius
1374 3004 1421 3064 ius

98 3121 159 3162 esse
186 3105 219 3164 in
248 3104 376 3164 coloniis
402 3105 609 3182 municipiisve
635 3104 757 3164 sedendi
783 3105 860 3164 inter
881 3104 1056 3164 decuriones
1078 3104 1122 3181 (7,
1138 3104 1166 3164 2.
1187 3105 1220 3180 3)
1242 3123 1307 3164 cum
1334 3117 1423 3166 antea

97 3225 209 3283 qnoque
243 3207 437 3277 obtinuisset,
465 3208 623 3284 Augustus
655 3207 827 3286 diligentius
859 3205 1009 3283 sanxiut).
1059 3206 1144 3266 Idem
1176 3206 1302 3267 Polemo
1330 3208 1421 3268 Ponti

96 3327 163 3380 rex,
188 3329 259 3368 cum
279 3309 359 3368 inter
386 3311 484 3368 socios
510 3317 541 3370 et
568 3311 681 3370 amicos
710 3309 814 3388 populi
836 3309 965 3368 Romani
993 3309 1160 3385 adscriptus
1188 3319 1281 3382 esset,
1307 3311 1339 3368 in
1366 3329 1422 3370 suo

97 3428 182 3486 regno
210 3411 403 3472 senatoribus
422 3413 533 3489 populi
556 3411 684 3472 Romani
712 3411 896 3490 permisitss).
941 3410 1069 3472 Senator
1095 3413 1147 3488 qni
1176 3413 1233 3471 tuit
1253 3432 1320 3472 cum
1342 3433 1422 3473 com-

96 3521 282 3586 memoratur,
304 3513 342 3573 de
363 3513 503 3574 damnato
524 3515 700 3591 praesertim
723 3515 772 3574 vel
792 3535 812 3574 a
832 3531 955 3574 censore
977 3514 1081 3574 ordine
1102 3523 1184 3574 moto
1203 3515 1321 3576 videtur
1341 3517 1422 3594 cogi-

97 3621 185 3674 tatum
207 3635 284 3676 esse.

168 3866 191 3930 ¹)
220 3869 324 3918 Vitrur.
338 3869 364 3932 5,
379 3870 405 3933 6,
420 3871 449 3920 2:
469 3869 496 3920 in
509 3867 638 3920 orclestm
651 3875 731 3920 cutem
743 3875 884 3920 enatorum
895 3877 953 3922 sunt
965 3869 1066 3922 sedibus
1079 3871 1136 3922 loca
1149 3869 1289 3938 deeipnuta.
1314 3871 1421 3924 Sueten

98 3957 160 4024 Aug.
178 3959 227 4010 35:
249 3961 409 4029 amavitque
427 3963 501 4012 eamn
519 3963 645 4013 mensotis
662 3963 760 4030 inmpne
777 3963 854 4013 semia
872 3970 895 4014 et
914 3961 1046 4032 spectandi
1064 3963 1090 4015 in
1109 3961 1238 4014 orchestra
1256 3961 1421 4032 epulandique

95 4049 189 4115 pudlloe
208 4054 255 4104 ius.

168 4141 193 4208 ²)
222 4143 382 4196 euanescit
396 4149 420 4210 1,
436 4147 498 4198 324.

170 4235 196 4300 ⁸)
223 4239 277 4290 Pro
297 4238 534 4301 Cluenttl,132.
574 4239 615 4291 ct.
635 4255 700 4306 qnae
719 4241 775 4291 dixi
793 4241 826 4291 de
845 4255 877 4291 ea
894 4255 923 4292 re
943 4238 1140 4303 Stantsreclutl,
1155 4243 1218 4293 373.

169 4329 194 4392 ⁴)
220 4331 428 4382 semermos:
448 4333 491 4382 cui
513 4331 575 4383 ordo
594 4331 788 4400 splendidissim.
808 4333 905 4383 civitat.
925 4331 1070 4384 Albensium
1089 4351 1226 4386 consessum
1244 4333 1320 4386 dedit.
1354 4335 1421 4386 Cen·

102 4423 198 4473 menri
210 4425 333 4474 Veientes
352 4423 501 4487 decernunt,
522 4425 570 4475 Cn.
585 4425 691 4476 Caesius
704 4425 825 4476 Athiotus
842 4431 871 4474 ut
883 4425 1060 4492 Aupustalium
1078 4442 1177 4478 numero
1196 4426 1318 4478 labentur
1336 4427 1422 4478 liceat·

101 4529 141 4578 que
163 4516 188 4564 ei
209 4514 322 4566 omnibus
345 4517 495 4583 spectaculis
517 4517 650 4584 munimpio
675 4523 760 4568 nomo
787 4515 884 4568 disellio
904 4520 1012 4586 proprio
1037 4520 1102 4570 inter
1121 4519 1276 4586 Aupustales
1294 4519 1424 4571 conndere

102 4607 207 4675 cenisque
225 4607 338 4660 mnibus
353 4606 465 4676 publicis
482 4610 547 4660 inter
565 4611 729 4660 centumviros
747 4609 865 4660 interesse
883 4609 973 4672 (Orell.
988 4611 1079 4674 4046).

171 4699 196 4762 ⁵)
223 4703 331 4755 Straton.
351 4705 419 4767 Aug.
439 4703 488 4752 44:
510 4701 642 4769 spectandi
659 4701 855 4768 confusissimum
874 4719 905 4752 oo
923 4703 1099 4754 solutissimum
1116 4720 1206 4755 nmrem
1225 4705 1334 4755 corrant
1352 4703 1422 4755 ordi-

102 4793 218 4860 naeitque,
236 4801 318 4844 matius
334 4793 432 4844 iniuria
449 4795 581 4855 senatoris,
602 4809 671 4873 quan
689 4793 804 4846 Puteolis
817 4809 867 4862 per
887 4793 1059 4846 celeberrimos
1077 4796 1150 4848 ludos
1168 4813 1282 4849 correeesu
1294 4797 1426 4864 frequenti

102 4899 163 4934 mna
180 4893 322 4954 receperat:
336 4885 412 4952 sacto
430 4887 510 4953 ipitnr
529 4885 626 4937 decreto
644 4893 757 4954 patrum,
777 4893 817 4949 ut,
837 4889 950 4954 quatiens
969 4887 1032 4956 quid
1048 4890 1188 4958 spectaculi
1203 4907 1306 4958 nsquam
1321 4889 1423 4959 publice

103 4973 216 5040 senemr,
232 4979 333 5046 primus
351 4976 524 5030 subselliorum
543 4978 605 5030 ordo
625 4985 730 5030 vacaret
747 4979 905 5030 senatoribus
923 4989 971 5031 cet.

171 5067 195 5132 ⁸)
221 5071 275 5122 Dio
290 5071 334 5134 53,
348 5071 396 5122 25:
416 5065 458 5120 sai
476 5067 603 5140 npaslpiu'
613 5076 668 5130 τοῖς
680 5071 829 5134 βουλευταῖς
848 5069 875 5122 iu
885 5062 954 5144 πέσῃ
966 5071 999 5146 τῇ
1013 5067 1086 5147 ἆρχῇ
1099 5067 1174 5126 sirei
1187 5072 1211 5133 tr
1222 5063 1300 5126 nuirra
1312 5064 1344 5125 rui
1357 5073 1421 5126 sls-

103 5174 144 5222 rps
161 5149 248 5226 lls'Sn.
280 5163 485 5215 Massiliensibus
503 5173 563 5230 post
574 5165 684 5217 Romam
704 5164 816 5217 aGallis
835 5166 970 5218 liberatam
991 5168 1060 5220 locus
1078 5168 1275 5238 spectandorum
1293 5171 1320 5220 in
1335 5178 1424 5220 senatu

107 5249 175 5304 datus
192 5261 229 5304 est
247 5255 348 5317 (lustin.
362 5257 407 5318 43,
421 5255 447 5319 5,
463 5258 516 5320 10).
547 5259 632 5308 Etiam
646 5258 774 5310 Traianus
793 5259 884 5323 legatis
902 5275 991 5326 regum
1003 5261 1101 5315 Romae
1121 5263 1205 5314 locoru
1224 5263 1252 5315 in
1271 5263 1423 5329 spectaculis
1497 5274 1501 5296 t

105 5343 170 5395 dedit
187 5347 254 5400 iuter
271 5356 404 5400 senatores
422 5349 543 5414 (Diues,
559 5349 613 5413 15).
651 5349 691 5403 01.
711 5351 818 5405 sueton.
838 5351 907 5420 Aug.
921 5354 965 5406 44.
