3504 6004
122 629 164 679 scr
509 623 594 676 von.
619 626 635 676 1
660 623 1022 689 anmovmsnneavu.
1349 605 1422 678 tot

117 817 220 859 morra
239 799 292 858 luc
308 801 402 874 sarit,
423 799 486 876 [in]
506 803 565 858 iam
586 803 651 877 quis
671 800 746 859 volet
769 819 824 877 pro
852 802 1018 860 tondicctod
1038 800 1179 878 n(cmum)
1200 797 1247 874 [L
1258 801 1270 840 ¹
1270 801 1292 875 J
1311 819 1425 860 moram

116 901 235 977 Milo
256 899 383 976 retorti).
426 902 510 962 Sciet
527 901 755 978 neeffleterntnc
776 903 849 962 colet
870 905 998 976 multare,
1021 901 1129 962 immod.

179 1003 213 1062 ld
232 1012 291 1063 est:
314 1003 353 1062 Iu
373 1003 427 1063 loc
448 1004 510 1064 loeo
535 1014 644 1064 stercus
664 1024 699 1064 ae
720 1009 784 1082 peis
799 1005 931 1080 fiendito,
958 1023 1026 1064 neve
1047 1006 1170 1066 cadaver
1187 1009 1329 1082 protrito,
1355 1024 1423 1065 neve

110 1116 251 1184 pmentoto.
294 1104 415 1182 Siquis
437 1107 575 1166 adversat
597 1108 777 1184 dorseccrit,
799 1111 830 1166 irr
851 1125 912 1166 cam
933 1110 958 1166 ei
979 1110 1030 1184 qni
1043 1107 1117 1166 eolat
1133 1126 1190 1185 pro
1204 1109 1329 1168 iudicato
1342 1127 1421 1168 none
1455 1165 1463 1178 ,

110 1207 333 1268 mandamentis
353 1212 466 1268 micetio
489 1220 555 1268 erto.
600 1209 667 1268 Sive
687 1212 874 1286 mcpietrottte
895 1210 970 1268 colet
988 1209 1118 1282 multare,
1142 1209 1233 1270 liceto.

180 1309 394 1371 Grammaticos
426 1311 454 1368 ei
491 1311 535 1370 rei
569 1329 658 1402 pares
694 1330 760 1371 cum
782 1311 904 1372 dubium
931 1329 991 1372 non
1020 1313 1060 1371 sit
1094 1329 1166 1370 mox
1192 1313 1230 1372 de
1258 1293 1314 1372 linc
1334 1311 1421 1373 titulo

110 1413 257 1473 accuratius
278 1413 412 1472 dicturos
434 1431 513 1487 esse,
535 1433 592 1493 ego
615 1415 651 1473 de
673 1425 848 1493 argumento
869 1432 967 1492 pauca
988 1414 1110 1486 addnm3
1139 1433 1209 1474 nam
1236 1414 1337 1474 multis
1359 1433 1420 1475 nou

111 1517 208 1594 indiget
233 1516 277 1574 rei
298 1515 451 1576 evidentia
471 1526 501 1576 et
521 1516 729 1594 perspicuitas.
773 1518 834 1594 Agi
856 1525 981 1594 apparet
1009 1516 1046 1576 de
1067 1517 1135 1576 luco
1164 1533 1250 1576 sacro
1272 1536 1334 1576 non
1355 1517 1421 1594 pol·

108 1619 201 1682 luendo
220 1618 467 1678 immunditiebns
490 1618 686 1695 sepulcrisre‚
708 1619 794 1678 utin
816 1619 988 1678 universum
1010 1619 1052 1677 ait
1072 1628 1194 1696 praetor
1215 1619 1301 1697 (Dig.
1324 1619 1374 1692 43,
1391 1619 1419 1693 6,
1468 1679 1474 1690 ,

113 1719 205 1797 lpr.):
226 1724 257 1778 ia
278 1721 341 1779 loco
363 1738 447 1780 sacro
466 1723 569 1796 sacere
595 1725 659 1780 iace
685 1740 747 1780 eum
773 1725 918 1782 tramittere
947 1723 1020 1798 qaid
1044 1731 1114 1782 veto.
1161 1720 1257 1780 Plane
1291 1722 1418 1780 similem

107 1822 331 1882 constitutionem
353 1833 453 1882 tamen
475 1843 534 1882 nou
555 1823 682 1902 repperi,
704 1841 886 1900 quamquam
905 1842 1000 1901 prope
1022 1822 1138 1882 accedit
1160 1822 1204 1882 lar
1228 1827 1284 1884 rivi
1305 1823 1361 1883 Ul.
1379 1865 1419 1899 ..,

109 1943 184 2000 quam
204 1925 282 1984 edidi
302 1925 334 1982 iu
355 1925 487 1986 Hermae
509 1925 568 1984 vol.
591 1927 611 1983 4
632 1943 661 2002 p.
686 1923 746 1984 284
767 1913 964 2004 repetiritque
989 1925 1058 1984 inde
1078 1925 1248 1985 Wilmauns
1273 1945 1303 1984 n.
1326 1924 1418 1998 2730,

110 2027 149 2084 ubi
167 2029 207 2086 sic
227 2037 287 2086 est:
324 2031 351 2085 ti
378 2031 443 2104 qnia
475 2032 506 2086 in
532 2047 563 2087 eo
590 2027 669 2105 (rivo
697 2027 826 2103 scilicet)
851 2009 990 2098 mtrtertt,
1021 2027 1219 2105 spurcit(tcm)
1238 2029 1356 2103 fecerit,
1386 2031 1418 2087 ia

107 2129 250 2206 implam)
271 2129 351 2188 locis
373 2128 549 2204 d(omesticr'i
572 2130 719 2188 dmumam
739 2129 839 2206 mum)
860 2130 946 2199 dotc,·
983 2129 1148 2206 dcl(ctorie)
1170 2149 1244 2207 pore
1269 2129 1419 2208 dimidia)

106 2241 161 2289 estc.
182 2263 218 2273 —-
262 2229 323 2304 Qui
345 2241 449 2291 contm
474 2232 563 2304 facit,
592 2233 619 2291 ei
646 2233 701 2292 hac
730 2233 865 2292 iussione
897 2249 996 2308 poena
1020 2233 1184 2310 imponitur
1216 2242 1269 2292 aut
1299 2233 1417 2311 privato

106 2333 201 2392 iudicio
229 2333 380 2412 exigenda
405 2344 457 2392 aut
477 2333 607 2412 publico.
652 2331 742 2408 Quod
763 2352 824 2411 quo
844 2335 908 2392 iure
934 2334 987 2392 fiat
1013 2335 1040 2394 si
1061 2343 1230 2412 quaeratur,
1255 2335 1417 2414 respoude-

103 2436 188 2494 bimoe
208 2437 270 2495 iure
291 2435 412 2514 publico
433 2437 537 2513 populi
557 2436 699 2496 Lucerini
720 2426 804 2512 (uam
825 2436 944 2495 colonia
964 2433 1076 2495 Latius
1095 2434 1226 2496 Luceria
1245 2437 1317 2510 fuit,
1349 2456 1416 2498 cum

104 2536 145 2594 hic
163 2537 260 2596 titulus
281 2539 412 2616 scriptus
435 2548 491 2610 est,
514 2547 543 2597 et
563 2540 593 2598 in
617 2557 674 2598 sua
694 2539 855 2616 potestate)
881 2539 925 2597 ita
950 2539 1131 2612 obtinuisse,
1158 2539 1222 2599 eive
1247 2540 1279 2598 in
1300 2539 1416 2600 univer·

104 2656 158 2696 sum
182 2657 260 2697 more
291 2641 440 2700 maiorum
475 2642 539 2700 sive
570 2641 638 2718 lege
663 2641 769 2720 populi
797 2639 835 2700 de
866 2640 923 2700 hoc
954 2641 1022 2719 ipso
1056 2641 1123 2700 luco
1150 2641 1221 2701 lata.
1270 2639 1417 2704 Solebaut

105 2749 189 2800 autem
208 2741 337 2801 Romani
364 2743 395 2802 in
416 2743 564 2802 eiusmodi
585 2743 713 2815 delictis,
735 2761 811 2820 quae
832 2753 862 2801 et
883 2743 1027 2821 populum
1048 2743 1200 2803 laederent
1220 2752 1251 2802 et
1271 2747 1415 2822 pecuniae

103 2845 325 2903 accinctionem
347 2845 546 2919 admitterent,
570 2854 630 2904 mm
652 2845 801 2923 publicum
820 2845 962 2904 iudicium
973 2863 1141 2923 proponere
1155 2863 1243 2922 quam
1266 2847 1414 2923 privatum

102 2946 354 3021 recuperatorium,
381 2966 441 3024 qua
472 2948 509 3006 de
536 2965 569 3006 re
595 2947 660 3005 dixi
692 2947 766 3006 alibi
787 2947 982 3024 (Stcatsrecltt
1010 2949 1042 3021 1,
1068 2948 1141 3023 141)
1167 2947 1316 3026 fidemque
1342 2949 1416 3008 lacit

102 3049 261 3122 praesertim
294 3049 397 3108 tabula
431 3049 562 3108 Bantius
590 3069 617 3108 v.
647 3049 665 3108 8
696 3067 759 3126 seq.
803 3047 863 3110 Sed
894 3049 968 3108 haec
989 3068 1078 3127 quam
1109 3049 1159 3108 lex
1187 3047 1335 3110 Lucerina
1362 3051 1414 3112 dat

101 3150 169 3225 optio
202 3151 239 3209 ab
266 3150 321 3209 illa
356 3169 391 3210 eo
424 3152 544 3211 nomine
571 3151 679 3224 differt,
714 3152 794 3228 quod
830 3151 961 3210 Bantius
991 3151 1097 3211 tabula
1127 3153 1336 3230 magistratum
1362 3155 1413 3231 qui

101 3251 168 3310 volet
187 3260 410 3328 recuperatores
438 3272 457 3311 a
477 3263 614 3332 praetore
642 3263 743 3331 petere
769 3255 865 3327 iubet,
891 3252 1040 3314 Lucerina
1071 3255 1166 3313 civem
1194 3273 1414 3333 quemcunquet

101 3352 175 3426 plane
199 3362 232 3412 ut
251 3355 361 3438 legitur
381 3357 413 3415 in
427 3356 575 3416 Institutis
597 3356 753 3416 Iustiniani
775 3359 804 3430 4,
829 3357 867 3415 10
895 3377 958 3434 pr.:
996 3376 1057 3416 cam
1086 3355 1153 3415 clim
1179 3359 1211 3416 in
1235 3359 1414 3432 censuisset

99 3454 200 3514 ultrice
220 3460 332 3517 romine
353 3477 436 3535 opere
455 3478 514 3518 aon
531 3477 617 3536 poete
637 3463 696 3518 aiei
716 3477 772 3535 pro
790 3459 915 3536 populo,
944 3477 1001 3536 pro
1027 3457 1170 3533 libertate,
1193 3477 1250 3535 pro
1274 3459 1411 3536 utone).

101 3657 286 3670 ———--

164 3821 185 3886 ¹)
203 3828 254 3879 Pro
274 3836 308 3878 ort
328 3823 355 3872 iu
375 3822 465 3888 lapide
483 3837 587 3875 necesse
606 3831 644 3874 est
662 3823 740 3874 fuerit
758 3832 807 3878 nrt
831 3822 955 3873 similisve
973 3828 1035 3873 nota
1053 3823 1202 3874 numeralis.

163 3917 187 3986 ²)
206 3918 376 3970 Accusatirus
394 3933 492 3968 manum
509 3919 606 3984 pendet
624 3933 641 3966 a
658 3917 817 3968 substantivo
832 3916 928 3966 verbali
946 3916 1061 3982 iniecti03
1081 3920 1118 3968 ita
1136 3919 1205 3968 enim
1224 3917 1412 3970 emendandum

100 4017 136 4058 est
169 4011 268 4064 Similia
296 4017 322 4059 et
348 4009 417 4074 apud
452 4019 541 4076 postas
574 4010 688 4062 Graecos
714 4010 809 4074 passim
837 4011 999 4074 reperiuntur
1029 4017 1055 4060 et
1089 4011 1196 4062 Plautus
1238 4025 1339 4077 qnoque
1375 4011 1412 4061 sic

99 4100 182 4154 locutus
207 4111 246 4155 est
272 4103 425 4153 Aululariae
445 4103 470 4164 3,
485 4106 510 4166 2,
525 4104 556 4154 9:
586 4101 647 4169 quid
673 4099 721 4151 titt
746 4115 798 4160 not,
824 4099 933 4152 mendice
951 4100 1030 4164 tomo,
1059 4103 1178 4153 taceret
1214 4103 1412 4168 Amphitruonis

100 4193 142 4243 519
157 4197 206 4248 nt:
232 4196 295 4265 qnid
322 4196 369 4248 riti
391 4195 456 4248 lunc
479 4195 602 4245 carutiost
619 4195 686 4244 remi
724 4193 834 4244 Casinas
855 4195 878 4254 2,
894 4194 920 4256 6,
935 4194 987 4245 te:
1012 4195 1074 4260 qnid
1091 4193 1138 4244 titt
1157 4196 1234 4246 tactio
1254 4194 1319 4246 lunc
1338 4195 1410 4260 fetet

102 4287 249 4354 similiterque
273 4289 332 4340 aliis
349 4290 414 4340 locis
438 4288 507 4350 (ride
526 4288 686 4352 Dracgerum
710 4283 799 4335 tenor.
819 4283 918 4351 Syrtes
941 4284 986 4336 der
1011 4286 1056 4338 lat.
1082 4285 1196 4355 Sprocltc
1216 4290 1240 4351 l,
1256 4287 1328 4349 330).
1374 4289 1413 4338 At

102 4393 147 4428 eum
163 4381 265 4432 Plautus
290 4397 321 4432 ea
339 4383 425 4432 forma
443 4381 480 4431 ibi
500 4379 677 4430 tautummodo
696 4385 790 4440 utatur,
815 4369 870 4430 ubi'
884 4387 910 4428 ct
927 4380 1059 4443 praecedit
1077 4379 1140 4446 quid
1156 4381 1367 4446 interrogativum
1386 4385 1413 4429 et

100 4473 196 4536 requitur
226 4474 332 4525 verbnm
360 4474 563 4534 substantivum,
591 4471 619 4520 in
645 4469 695 4520 hoc
719 4471 792 4520 titulo
820 4477 848 4520 ut
880 4471 908 4520 id
937 4472 1021 4536 ipsum
1047 4473 1174 4538 sequitur,
1205 4474 1242 4522 ita
1271 4471 1334 4539 qnid
1356 4486 1409 4522 uou

101 4567 224 4628 praecedit,
250 4581 299 4618 uec
324 4569 376 4616 iam
400 4565 506 4616 dubium
533 4570 571 4614 est
589 4562 655 4612 hanc
679 4563 820 4612 rectionem
843 4577 897 4612 nou
921 4563 1077 4614 Graeciemis
1101 4565 1321 4615 adnumerandam
1345 4579 1410 4628 esse,

100 4656 135 4704 rel
154 4659 179 4708 iu
200 4665 299 4709 vetusto
325 4672 444 4708 sermone
473 4657 567 4707 Latino
589 4656 731 4720 legitimum
754 4654 839 4705 locum
864 4655 1014 4706 obtinuisse.
1052 4657 1109 4708 lloc
1134 4673 1191 4707 cum
1216 4657 1337 4708 Plautino
1361 4671 1410 4707 usu

102 4751 210 4813 convenit,
229 4753 298 4817 quod
317 4751 391 4816 posui
415 4749 443 4798 ia
465 4750 516 4798 ium
532 4764 630 4798 manum
647 4747 747 4798 tametio
766 4745 843 4807 ettad,
874 4755 902 4796 ut
920 4748 947 4797 r'u
970 4763 1023 4799 eum
1042 4755 1144 4814 regatur
1160 4763 1176 4799 a
1195 4749 1273 4799 verbo
1292 4750 1409 4800 substau-

101 4838 153 4904 ἤτω
189 4845 305 4894 similiter
331 4845 358 4894 iu
390 4843 515 4893 sententia
548 4839 610 4908 quid
638 4837 685 4892 titt
718 4837 784 4890 ltanc
816 4840 939 4890 curaticst
963 4843 1030 4892 rcml
1062 4841 1163 4892 dativus
1190 4832 1286 4908 pendet
1311 4841 1344 4892 ab
1372 4848 1410 4892 ert

102 4935 214 4998 tumulo,
233 4936 394 4987 accusativus
414 4949 429 4984 a
448 4935 570 4985 curando.

162 5023 184 5088 ¹)
214 5028 307 5080 Gaium
326 5029 384 5078 loco
403 5029 482 5078 simili
500 5027 526 5089 4,
542 5029 586 5088 82,
606 5040 681 5092 quem
708 5026 745 5075 sic
764 5025 866 5090 excepit
884 5027 1097 5079 Studemuudius:
1129 5041 1184 5078 etun
1207 5025 1266 5076 olim
1284 5041 1331 5092 quo
1352 5031 1408 5076 tcm-

100 5127 150 5176 pore
167 5117 225 5185 lepis
243 5121 355 5172 cederes
377 5121 405 5169 ia
428 5135 475 5170 eeu
491 5119 605 5184 scatent
623 5119 704 5169 aliem
723 5117 820 5167 nominc
843 5133 920 5184 uycre
943 5136 992 5170 non
1016 5119 1102 5171 liceret
1120 5133 1202 5187 prope
1220 5117 1253 5181 (t)
1274 5133 1348 5184 qaum
1366 5133 1408 5168 err-

102 5203 268 5274 replicentur,
288 5220 396 5278 apparet
413 5215 450 5264 sic
469 5213 612 5278 scripsisse:
632 5227 681 5261 nor
702 5209 789 5262 liceret
803 5218 983 5281 praeterquam
1007 5228 1038 5264 cr
1056 5211 1131 5264 certia
1150 5211 1234 5263 cunas
1257 5225 1340 5277 neque
1364 5223 1408 5260 eas

103 5295 159 5362 ipsas
174 5305 289 5358 anulisso.
