3520 6006
330 625 400 695 132
760 643 1067 694 snnruauuuuvu
1085 643 1170 694 von.
1190 645 1220 693 11

407 820 436 879 4.
474 819 681 898 Magistratum
704 820 808 898 populi
822 818 951 879 Romani
973 837 1066 896 prove
1081 817 1257 898 magistratu
1273 825 1505 877 consentaneum
1522 826 1577 891 est,
1599 820 1657 877 etsi
1754 846 1755 926 p

325 931 446 982 senator
472 941 533 980 uon
560 921 614 994 sit,
641 922 772 1000 exempli
799 939 890 980 causa
918 921 1056 980 tribunus
1082 920 1208 979 militum
1231 941 1251 979 a
1270 921 1382 999 populu
1403 921 1518 992 lactus,
1545 922 1659 996 pariter
1754 915 1755 980 i

324 1035 413 1102 atquc
440 1035 608 1085 senatorem
634 1025 667 1084 in
693 1025 884 1084 decurionum
911 1025 978 1083 loco
1005 1023 1109 1082 sedere
1135 1022 1562 1100 (7‚1.u).souemreter0
1588 1043 1658 1084 eum

323 1133 374 1205 qui
394 1133 456 1187 iure
477 1129 601 1187 dicanda
620 1131 735 1202 praeiit
754 1127 804 1204 (7,
825 1124 865 1202 Ξ)
892 1127 943 1202 qui
966 1126 1056 1186 simul
1078 1125 1262 1199 nominatur;
1290 1126 1405 1186 scilicet
1427 1125 1545 1185 videtur
1570 1126 1658 1185 intel-

323 1231 382 1308 legi
404 1231 520 1308 legatus
542 1229 722 1290 adsessores
744 1229 946 1306 proconsulis,
970 1230 1022 1306 qui
1044 1247 1110 1287 cum
1133 1226 1274 1288 Caesaris
1296 1237 1429 1307 tempore
1451 1230 1579 1287 necdum
1602 1249 1658 1307 pro
1755 1277 1756 1298 ἓ

323 1334 502 1412 magistratu
524 1341 605 1392 esset
627 1333 710 1410 (nam
731 1339 838 1408 postea
859 1331 977 1391 demum
999 1331 1090 1408 legati
1111 1331 1133 1390 ii
1148 1331 1220 1390 lacti
1235 1341 1305 1390 sunt
1319 1349 1373 1408 pro
1387 1331 1551 1410 praetore),
1574 1347 1659 1392 seor-
1755 1339 1756 1382 l

328 1454 393 1495 sum
415 1436 452 1496 de
474 1453 510 1494 eo
531 1436 696 1496 cavendum
718 1434 784 1492 tuit.

407 1540 435 1598 5.
472 1537 641 1616 Praefectus
656 1539 776 1613 fabrum
798 1541 857 1596 sicae
878 1542 1061 1614 capistratus
1079 1555 1169 1614 praue
1190 1541 1362 1614 magistratu
1377 1542 1427 1614 qui
1439 1541 1660 1614 prouinciarum

323 1641 535 1718 Hispaniarum
554 1642 713 1700 ulteriorem
732 1639 863 1700 obtinebit
884 1640 927 1715 (7,
948 1639 981 1716 4>
1002 1641 1074 1699 licet
1092 1641 1224 1718 equestri
1243 1640 1311 1699 loco
1333 1649 1421 1714 esset,
1444 1640 1539 1700 nihilo
1559 1641 1661 1700 minus

325 1744 403 1803 inter
425 1744 602 1802 decuriones
624 1743 651 1802 ei
673 1743 826 1819 spectandi
847 1743 895 1801 ius
917 1743 983 1802 fuit.
1057 1737 1061 1743 ’

183 1843 245 1894 Loci
260 1845 313 1896 dati
407 1845 544 1923 Denique
571 1846 681 1922 qnod
673 1865 705 1905 1n
726 1845 806 1904 ludis
828 1846 973 1905 scaenicis
994 1845 1117 1906 edendis
1139 1863 1164 1904 c
1181 1843 1318 1906 CXXVI
1339 1864 1441 1905 eorum
1468 1845 1594 1905 domino
1618 1847 1661 1904 ita

184 1918 309 2046 ⁸022de
322 1949 370 2008 ius
392 1949 480 2008 datur
500 1949 633 2008 lucorum
656 1947 833 2021 dandorum,
856 1955 889 2005 ut
910 1949 936 2008 si
959 1967 1046 2025 quam
1068 1947 1166 2024 legem
1187 1948 1363 2008 decuriones
1386 1948 1413 2006 ei
1430 1949 1474 2007 rei
1488 1949 1661 2027 posuerint,

189 2067 306 2116 decurio-
322 2051 349 2110 ei
376 2052 640 2130 obtemperandum
668 2051 721 2124 sit,
749 2051 878 2126 pertinet
903 2050 934 2108 id
959 2050 1179 2128 quodammodo
1205 2051 1244 2110 ad
1267 2052 1396 2111 ambitus
1418 2051 1517 2129 leges,
1546 2053 1662 2128 quibus

183 2156 243 2189 ”⁰¹¹¹
263 2141 306 2192 de·
322 2153 359 2213 de
381 2153 462 2212 hisce
483 2155 559 2213 locis
582 2153 687 2213 dandis
710 2153 867 2232 diligenter
888 2152 1095 2228 cavebatur1)‚
1117 2171 1298 2230 quamquam
1320 2154 1381 2212 id
1372 2173 1471 2230 rpsum
1488 2154 1578 2213 ludos
1595 2155 1661 2232 qui·
1757 2145 1758 2196 l

212 2221 281 2264 creto
324 2275 450 2334 cumque
472 2257 576 2318 fierent
597 2265 732 2316 senatum
753 2256 796 2316 ita
817 2256 1002 2316 moderatum
1024 2271 1092 2316 esse
1113 2255 1186 2316 alibi
1208 2275 1267 2316 non
1288 2257 1425 2317 traditur.

184 2886 312 2936 Decurio-
404 2875 596 2932 Dacus-iocum
617 2874 794 2932 vocabulum
820 2874 849 2932 in
878 2875 944 2951 lege
970 2882 1147 2950 perpetuum
1174 2881 1221 2933 est
1248 2892 1344 2950 neque
1374 2893 1499 2950 usquam
1527 2875 1662 2946 additur,

225 2975 270 3010 ¹¹⁹⁸
325 2976 405 3053 quod
428 2975 547 3036 additur
568 2983 712 3053 perpetuo
734 2977 764 3034 in
787 2977 852 3055 lege
868 2977 947 3034 Iulia
967 2977 1141 3052 municipali
1164 2985 1193 3034 et
1214 2976 1329 3051 passim
1350 2977 1381 3035 in
1396 2975 1513 3036 Flauiis
1530 2977 1662 3054 legibus,

323 3083 518 3154 couscriptiue.
535 3115 572 3123 -
594 3077 727 3137 Decurio
749 3079 884 3138 coloniae
904 3082 1024 3156 quinum
1049 3079 1113 3138 fieri
1134 3088 1239 3157 posset
1259 3079 1307 3137 vel
1329 3098 1389 3137 non
1410 3090 1516 3156 posset
1537 3081 1569 3138 in
1593 3081 1663 3158 lege

323 3182 521 3260 perscriptum
548 3181 640 3239 luisse
666 3181 738 3240 inde
763 3181 958 3258 intellegitur,
984 3183 1066 3258 quod
1091 3201 1116 3240 c.
1140 3180 1182 3241 Cl
1208 3183 1401 3258 magistratus
1430 3181 1495 3239 eius
1518 3183 1663 3260 petitoris

322 3284 450 3343 comitiis
472 3283 618 3344 rationem
637 3285 747 3342 habere
769 3293 896 3354 vetatur,
922 3303 1009 3360 quem
1031 3284 1070 3342 ob
1092 3303 1182 3361 quam
1205 3301 1326 3342 causam
1348 3284 1537 3342 decurionem
1561 3287 1663 3344 nomi·

322 3387 387 3444 nari
409 3405 469 3444 uon
490 3385 588 3458 liceat,
610 3386 681 3444 item
704 3404 728 3444 c.
745 3384 799 3445 GV
823 3387 873 3463 qui
894 3393 1015 3462 propter
1030 3387 1236 3464 indignitatem
1252 3387 1355 3446 ordine
1371 3394 1473 3444 motus
1485 3395 1542 3458 est,
1566 3389 1662 3448 etiam

322 3489 360 3547 ab
381 3489 545 3547 honoribus
568 3489 704 3564 petendis
726 3497 856 3560 arcetur3
883 3497 917 3545 ut
939 3489 1076 3548 similiter
1096 3489 1127 3548 in
1149 3489 1214 3565 lege
1234 3488 1409 3564 municipali
1431 3486 1574 3548 Caesaris
1599 3491 1662 3550 dic-

322 3590 461 3667 tutariet)
484 3592 532 3650 cui
554 3609 590 3649 ea
610 3591 677 3668 lege
700 3591 730 3648 in
752 3590 962 3650 decurionibus
984 3609 1133 3650 essenon
1155 3590 1252 3663 liceat,
1274 3591 1460 3650 interdicitur
1481 3593 1519 3650 ab
1539 3593 1661 3652 honore

322 3713 357 3754 eo
384 3693 526 3771 petendo,
553 3713 592 3751 ex
618 3711 678 3769 quo
704 3693 735 3750 in
762 3711 829 3750 eum
857 3690 991 3752 ordinem
1018 3693 1218 3770 perveniatur.
1261 3693 1390 3770 Propter
1412 3693 1442 3751 id
1464 3695 1565 3771 ipsum
1589 3715 1660 3754 cum

321 3799 353 3856 in
376 3815 443 3855 aere
466 3798 526 3868 1,1
552 3795 727 3853 decuriones
751 3813 880 3873 augures
903 3795 1059 3873 pontifices
1082 3796 1169 3854 anuis
1184 3793 1213 3853 V
1233 3795 1381 3872 proximis
1403 3804 1563 3873 postquam
1585 3797 1660 3856 lacti

324 3899 384 3957 sint
405 3897 588 3957 domicilium
609 3897 639 3955 iu
661 3899 764 3956 urbem
787 3897 950 3956 transferre
972 3897 1122 3970 iubentur,
1145 3899 1339 3974 magistratus
1358 3917 1419 3957 non
1434 3897 1660 3972 adscribuntur,

323 4001 438 4060 scilicet
458 4000 636 4076 IIviraliciis
659 4009 689 4058 et
709 3999 854 4058 aediliciis
876 3999 944 4077 ipso
966 4000 1030 4059 iure
1052 4002 1130 4060 inter
1150 4001 1325 4060 decuriones
1353 4001 1485 4059 adscitis.
1531 3999 1593 4062 Sed
1622 4022 1660 4061 ea

190 4116 296 4168 Ordinis
321 4122 392 4182 pars
413 4104 504 4178 legis,
527 4123 587 4180 qua
607 4102 812 4160 continebatur
834 4101 955 4161 decurio
977 4103 1028 4178 qui
1050 4103 1114 4160 fieri
1136 4113 1250 4178 posset,
1278 4103 1316 4160 ad
1337 4121 1392 4162 nos
1415 4121 1475 4160 non
1501 4105 1657 4180 perreuit3

188 4191 301 4240 libertini
322 4205 510 4266 solummodo
543 4224 582 4264 ex
615 4203 765 4276 clausula,
797 4222 874 4281 quae
907 4204 944 4262 de
976 4205 1153 4282 indignitate
1186 4204 1355 4264 decurionis
1383 4213 1543 4282 propterea
1570 4206 1658 4282 quod

324 4417 528 4427 -—-.-—-

398 4575 421 4638 l)
450 4575 541 4626 Cicero
566 4575 878 4640 pronumtiatum:
904 4573 994 4626 dr'aisti
1011 4583 1112 4626 seuam
1130 4575 1266 4626 ccumluam
1285 4591 1320 4627 me
1339 4575 1460 4642 reserem
1479 4592 1531 4628 esce
1541 4577 1655 4644 sabura,

388 4669 413 4718 ei
434 4665 622 4734 gladiatoribus
646 4665 721 4734 uulgo
746 4667 816 4717 locus
840 4665 947 4718 tributus
970 4675 994 4719 et
1018 4669 1074 4718 item
1092 4667 1343 4736 prandiasiuulpo
1363 4668 1536 4731 erasnidum,
1562 4680 1656 4722 cantra

321 4761 397 4828 legera
414 4758 577 4828 Calpurniam
588 4759 688 4826 sactum
705 4757 795 4810 videri.
829 4761 860 4810 Id
879 4761 973 4810 deinde
992 4769 1096 4812 enamat
1115 4778 1137 4812 c.
1152 4763 1195 4812 34.
1211 4762 1254 4812 35.
1288 4761 1379 4812 Cicero
1398 4762 1585 4826 intueare,
1602 4765 1655 4814 37:

320 4871 374 4904 cum
392 4869 446 4904 mea
465 4852 506 4903 lec
524 4851 635 4904 dilucide
653 4859 717 4902 cetat
736 4849 833 4902 duania
854 4869 901 4919 quo
920 4853 976 4920 puis
990 4859 1063 4922 petat
1076 4855 1233 4922 perterruere
1251 4854 1286 4903 sit
1302 4851 1462 4921 gladiatores
1480 4853 1543 4906 dare
1557 4855 1611 4906 uisi
1624 4872 1657 4906 e:

321 4951 463 4998 testamenta
477 4946 634 5012 praestituta
652 4943 700 4994 dic.

396 5056 421 5122 ²)
449 5076 473 5109 v.
494 5059 555 5110 135.
594 5060 680 5110 Etiam
705 5059 769 5124 legis
787 5058 959 5111 Malacitanae
984 5077 1009 5111 c.
1023 5061 1102 5114 LIIII
1125 5061 1302 5126 magistratum
1327 5068 1414 5126 petere
1432 5067 1532 5112 vetamr
1557 5063 1601 5129 pai
1627 5064 1656 5112 ia

320 5169 404 5205 earum
428 5169 479 5219 qua
497 5167 576 5202 causa
594 5151 655 5212 erit,
677 5158 784 5219 propter
803 5167 888 5218 mam,
915 5153 940 5202 si
957 5152 1042 5215 c(t'vis)
1062 5152 1208 5216 Idumaeas)
1228 5160 1303 5212 essct,
1326 5155 1356 5203 iu
1375 5170 1474 5204 numero
1493 5153 1655 5206 decurionum

321 5245 564 5312 consumptumque
587 5259 640 5296 mm
664 5259 717 5294 esse
740 5260 789 5294 uon
809 5244 906 5308 liceret;
932 5261 982 5312 quo
1000 5247 1155 5297 remittimur
1173 5245 1207 5296 ad
1226 5247 1307 5311 ipsam
1327 5247 1410 5312 legem
1430 5247 1525 5298 Iuliam
1542 5247 1655 5298 munici-

323 5339 417 5406 palem.
454 5339 488 5389 V.
509 5352 602 5388 comm.
621 5351 707 5389 mcum
726 5353 751 5403 p.
766 5336 829 5388 417.
