3548 6012
591 643 743 695 emmor
760 643 958 694 nnsnmcn.
1391 624 1437 694 21

128 821 251 896 (tertium
276 838 387 878 nomen
413 836 473 877 non
501 817 630 894 extrico)
658 815 809 877 Gallicani
835 817 892 876 viri
919 817 1128 893 consularis¹)
1156 817 1322 894 horumque
1348 817 1441 876 filiam

126 922 280 983 Corneliam
302 920 502 1002 Cethegillam
533 928 633 980 statua
658 921 834 979 honoratam
861 939 900 980 ex
928 929 1050 980 senatus
1077 920 1240 998 populique
1265 921 1440 998 Mytilenaei

126 1027 293 1086 anctoritate.
332 1023 469 1100 Quorum
491 1023 645 1082 hominum
667 1031 794 1082 aetatem
817 1025 844 1082 si
866 1024 1038 1100 quaerimus
1060 1042 1149 1082 unum
1172 1033 1220 1082 est
1240 1041 1293 1081 eur
1308 1031 1442 1082 vetemur

124 1129 201 1186 ulmis
225 1128 379 1204 antiquum
406 1127 523 1186 titulum
549 1135 665 1204 putere.
708 1125 873 1185 Verissime
895 1143 985 1202 saepe
1007 1145 1027 1182 a
1048 1125 1151 1184 multis
1173 1126 1364 1184 observatum
1385 1133 1441 1198 est,

125 1239 227 1289 veterae
252 1230 427 1288 mulieribus
454 1229 594 1307 publicos
620 1229 750 1288 honores
777 1228 918 1287 tribuisse
945 1229 1041 1305 magis
1068 1229 1099 1287 in
1125 1228 1270 1287 maiorum
1298 1245 1387 1304 quam
1408 1229 1441 1288 in

124 1334 242 1410 ipsarum
263 1334 405 1392 honorem
427 1342 458 1391 et
479 1332 615 1408 gretiam.
648 1331 719 1390 lure
740 1331 832 1410 igitur
851 1349 912 1390 non
935 1331 1031 1389 solum
1054 1339 1140 1408 pater
1160 1338 1190 1390 et
1211 1340 1316 1402 mater,
1337 1350 1440 1390 verum

125 1455 188 1495 arus
213 1453 332 1512 qnoque
360 1431 548 1512 Cethegillae
577 1433 820 1494 honorificentius
847 1435 1031 1506 nominatum
1065 1451 1168 1492 omnes
1194 1433 1272 1492 enim
1301 1433 1376 1492 hene
1404 1434 1441 1494 de

125 1538 208 1614 patria
232 1537 327 1596 meriti
354 1537 483 1596 fuerant.
526 1535 597 1596 Non
623 1536 750 1595 adicitur
772 1536 966 1615 Theophanis
992 1554 1115 1608 nomen,
1144 1555 1233 1612 quem
1258 1535 1439 1595 caelestibus

126 1640 188 1698 adeo
212 1639 376 1698 honoribus
405 1639 561 1699 coluerant
587 1639 776 1716 Mytilenaei,
805 1639 881 1698 hano
908 1640 1015 1716 opinor
1040 1645 1162 1716 propter
1190 1655 1329 1710 oausam,
1359 1639 1440 1716 quod

125 1743 203 1800 nimie
235 1731 378 1820 temporis
414 1741 635 1818 intercapedine
668 1741 734 1800 eius
765 1742 910 1801 memoria
940 1763 958 1802 a
990 1739 1177 1818 Cethegillae
1209 1741 1322 1800 honore
1355 1757 1439 1818 sepa-

125 1853 182 1903 rata
203 1845 266 1904 fuit

124 2105 247 2164 XXIIII.
288 2105 415 2165 Ibidem.

654 2231 781 2318 'Apisa
802 2230 887 2318 τύχα

193 2343 212 2404 ni
231 2336 330 2411 [ididae
351 2336 400 2404 uui
420 2343 435 2404 ὅ
459 2339 550 2414 δᾶμος
570 2335 765 2422 {reipub-Jeme
779 2333 925 2402 Mo'dmov
939 2340 1118 2403 Ἀπολλωνιω
1136 2345 1177 2402 rai
1189 2333 1332 2405 Αὔλῖωνος
1347 2338 1438 2401 παῖδα

191 2441 368 2508 ’hnalimviw
391 2450 432 2506 rai
452 2437 677 2532 γυμνασιάρχω,
698 2441 745 2504 adv
767 2436 956 2522 ἀγωνοὲἕταν
977 2435 1025 2504 nai
1047 2437 1293 2530 παναγυριάρχον.

124 2639 168 2698 Bis
187 2639 330 2716 reperitur
351 2640 456 2700 titulos
478 2640 509 2698 in
531 2639 668 2699 Ponione
689 2637 815 2716 sylloge,
839 2637 920 2696 nulls
940 2638 1003 2698 lere
1024 2637 1162 2698 lectionis
1183 2638 1395 2715 discrepantia.

193 2743 280 2801 Aulio
307 2751 338 2801 et
358 2743 467 2802 Aulius
493 2741 570 2802 duae
592 2741 731 2800 diversae
752 2739 886 2800 eiusdem
908 2740 1012 2818 stirpis
1033 2740 1228 2800 formationes
1251 2753 1334 2812 sunt,
1362 2741 1439 2801 sicut

126 2827 242 2921 Vergilio
268 2853 298 2904 et
319 2844 487 2922 Vergilius,
511 2842 587 2904 Cato
614 2853 644 2902 et
665 2841 775 2914 Cetus,
803 2843 864 2902 alia
890 2843 993 2902 mults.
1038 2837 1130 2900 παῖδα
1159 2843 1335 2904 vocabulum
1362 2845 1438 2902 setis

126 2945 282 3022 impeditum
303 2949 402 3007 locum
425 2955 551 3024 occupet
572 2945 701 3006 medium
721 2945 799 3004 inter
821 2945 880 3004 duo
902 2945 1107 3016 uninomina,
1129 2946 1231 3005 nescio
1253 2947 1439 3023 quadratarii

125 3049 295 3126 neglegentia
325 3069 363 3109 an
391 3049 530 3126 quaesita
558 3047 689 3108 auctoris
720 3049 877 3130 elegantia.
928 3047 1090 3106 Manifesto
1116 3057 1215 3108 autem
1243 3049 1362 3108 additur
1389 3052 1439 3109 avi

123 3169 215 3208 nomen
240 3153 420 3230 hacpropter
446 3151 525 3230 quod
550 3169 672 3211 munere
694 3149 815 3226 publico
837 3150 956 3210 iunctus
978 3150 1172 3212 honorificam
1195 3151 1242 3210 sui
1263 3153 1437 3211 memoriam

123 3252 275 3330 reliqueret.

124 3513 379 3576 xxv-xxvss.
423 3515 537 3574 Ibidem
563 3515 639 3573 Pan.
682 3515 732 3572 Ad
758 3515 904 3574 circulare
930 3532 1128 3574 marmoreum
1155 3476 1274 3593 epistile
1300 3517 1436 3594 esculapi

157 3619 346 3696 antiquissimi
370 3619 474 3694 templi
496 3627 526 3676 et
546 3619 650 3696 ntique
672 3617 860 3694 (antiquaei)
881 3617 989 3676 dianae
1008 3617 1142 3676 thermae
1163 3617 1230 3676 Pal.

123 3806 210 3868 XXV.
260 3809 399 3888 ....ο[ς]
419 3799 707 3886 Ἀσκ[λα]π[ι]α’[δα]
729 3800 802 3892 ipsae
824 3801 872 3866 daci
893 3809 898 3886 Ι
922 3797 1018 3884 γένεος
1038 3807 1079 3864 roi
1094 3807 1225 3893 Σωτῆρος
1247 3801 1433 3888 ΙἈσ-κλαπῖω

255 3903 302 3969 καὶ
325 3903 399 3996 ipave
422 3913 427 3991 Ι
452 3905 499 3969 dmi
521 3903 579 3976 Eia
601 3903 747 3976 herilium.

124 4099 224 4162 XXVI.
261 4126 298 4163 wc
323 4096 376 4162 τᾶν
397 4091 519 4186 κράνιναν
543 4105 548 4182 Ι
570 4091 618 4160 arel
640 4097 671 4160 τὲ
695 4091 877 4186 ridpuyoipmv
898 4095 962 4179 ἆπΙδ
985 4103 1144 4186 Κεγχρεᾶν
1162 4093 1300 4185 Ἀρτέμιδι
1323 4066 1455 4189 ΘΙερμια1

256 4196 364 4264 adamo
388 4197 537 4282 Airac(?).

123 4391 239 4454 XXVII.
511 4387 713 4479 αὐτοκράτορος
735 4385 810 4471 32⁷[w
834 4437 964 4456 .......

512 4488 560 4554 noi
579 4487 758 4556 Ἀπόλλωνος
780 4489 899 4579 Θερμιῖω
924 4540 1053 4557 .......

125 4683 189 4746 Tres
209 4691 261 4748 hac
282 4691 492 4768 inscriptiones
515 4689 603 4748 unius
625 4706 728 4747 omnes
738 4689 804 4771 ¹loci
820 4706 887 4748 esse
902 4689 1040 4748 concludi
1054 4697 1154 4767 potest
1170 4709 1208 4747 ex
1223 4689 1360 4752 lemmate
1375 4691 1432 4751 Pa-

125 4785 212 4848 latino.
253 4792 292 4850 Et
315 4795 346 4852 in
363 4793 543 4872 apographo
565 4792 699 4850 Paviauo
722 4791 861 4868 deinceps
883 4792 1031 4868 leguntur,
1062 4792 1142 4868 quod
1163 4791 1220 4849 etsi
1242 4812 1300 4850 non
1323 4795 1433 4870 ubique

130 4990 309 5006 Ἢ..-

193 5139 214 5202 ¹)
238 5143 405 5220 [lntellegitnr
423 5147 517 5212 opinor
530 5146 567 5196 M.
582 5145 682 5210 Squills
695 5145 845 5196 Gallicanus
864 5145 953 5194 consul
971 5145 1116 5194 ordinarius
1135 5159 1159 5194 s.
1172 5147 1232 5208 127,
1252 5147 1323 5196 ouius
1337 5161 1432 5197 nomen

133 5233 265 5291 gentilicium
287 5255 353 5290 nuno
378 5239 480 5290 demum
505 5238 650 5289 innotescit.
689 5238 762 5288 Uxor
782 5237 910 5288 Gallicani
936 5238 1020 5304 neptis
1040 5237 1149 5288 tortasse
1168 5238 1218 5288 fuit
1235 5239 1358 5304 praetorii
1378 5239 1432 5288 eins

134 5322 169 5382 (lli
183 5328 249 5388 periit
264 5346 286 5380 a.
299 5347 324 5396 p.
338 5331 400 5383 Chr.
414 5331 458 5382 33.
496 5332 550 5382 Tu.
569 5329 618 5394 M.]
