3520 6006
527 561 602 612 nux
621 560 702 612 oon.
724 559 952 612 ouunrrveu.
1335 535 1403 606 137

103 734 131 792 (10
153 735 268 792 decretis
296 733 352 804 iis,
379 735 487 810 quibus
513 734 631 811 patroni
658 734 853 811 hospitesque
879 735 955 794 liunt
981 733 1034 808 (3,
1059 733 1104 792 18.
1129 733 1157 805 7,
1176 733 1226 790 44.
1251 731 1285 800 8,
1306 729 1353 806 5);
1380 727 1409 784 id

103 835 168 911 quod
192 835 225 894 de
251 835 356 896 eadem
383 855 416 894 re
442 836 519 913 legis
541 835 741 896 Malacitanae
769 855 794 895 c.
813 837 890 896 LXI
913 835 1136 914 praescribitur.
1180 831 1271 908 Quod
1293 830 1412 890 additur

103 937 190 996 ibidem
214 938 391 998 decuriones
413 938 450 997 de
472 957 508 998 ea
527 959 560 998 re
582 939 760 999 senteutiam
781 939 860 1000 ferre
882 947 1022 1017 oportere
1043 939 1172 1012 iuratos,
1202 937 1253 996 lex
1275 933 1411 994 coloniae

104 1036 245 1099 Genetirae
267 1060 330 1100 non
350 1041 452 1100 babet.

167 1141 366 1203 DecurIcnum
389 1143 516 1204 decretis
538 1163 597 1204 non
619 1144 719 1206 solum
740 1146 771 1204 iu
794 1145 882 1206 certis
903 1145 1082 1222 quibusdam
1104 1143 1233 1220 negotiIs
1256 1139 1411 1218 magistra·
1425 1145 1553 1198 Decumo-

102 1245 134 1302 tui
152 1263 219 1322 opus
241 1256 304 1319 est,
326 1247 379 1306 sed
400 1257 554 1325 praeterea
575 1267 599 1307 c.
616 1245 755 1309 CXXIX
777 1247 853 1324 legis
876 1247 920 1324 (7,
936 1245 1083 1324 32-38)
1106 1247 1136 1304 in
1160 1247 1330 1304 universum
1352 1261 1413 1300 ma·
1431 1219 1552 1346 ffiisdfl}

101 1348 222 1422 psnams
250 1349 431 1428 quicumque
457 1359 529 1410 sunt
551 1352 683 1428 itemque
706 1349 881 1410 decuriones
904 1351 1014 1428 singuli
1037 1349 1075 1408 lis
1098 1349 1247 1426 diliperrter
1264 1363 1369 1423 parere
1391 1353 1561 1434 etmmm.

102 1450 270 1527 elaaperare
290 1452 431 1511 iubentur
452 1452 555 1512 addita
575 1453 671 1512 multa
692 1454 862 1513 sestertium
884 1453 993 1512 denum
1016 1453 1132 1511 milium
1154 1451 1249 1510 iures
1271 1447 1415 1528 singulas,
1448 1451 1488 1493 tus
1502 1449 1538 1492 le·

102 1553 121 1609 si
138 1553 196 1630 quie
215 1555 261 1612 ita
285 1573 347 1612 non
368 1555 483 1614 lecerit.
528 1553 618 1630 Quod
644 1556 688 1615 ita
713 1557 879 1615 obtinuisse
908 1563 997 1616 antea
1023 1555 1244 1632 ignorabamus.
1288 1551 1353 1612 Nec
1379 1551 1416 1608 ab
1441 1523 1551 1568 ‘mum'

100 1654 130 1713 iis
152 1656 196 1731 qni
221 1675 325 1716 rerum
346 1656 551 1718 Romanarum
579 1666 691 1718 statum
713 1659 831 1736 penitus
853 1675 1035 1737 cognoscere
1057 1658 1180 1735 cupiunt
1200 1653 1418 1733 neglegendum

101 1767 138 1815 est
155 1757 197 1817 rel
221 1759 371 1820 dictatore
392 1757 525 1821 Caesare
552 1761 763 1821 decurionibus
785 1761 815 1851 id
837 1762 885 1822 ius
908 1761 1053 1822 adversus
1075 1760 1265 1838 magistratus
1287 1759 1352 1836 lege
1374 1757 1417 1816 di·

101 1871 163 1920 rerte
182 1862 392 1922 confirmatum
414 1882 491 1924 esse.

168 1962 300 2038 Causae,
330 1974 453 2044 propter
480 1985 555 2044 quas
581 1967 775 2046 magistratus
798 1966 973 2026 decuriones
995 1965 1152 2026 consulere
1173 1966 1229 2024 hac
1250 1965 1317 2044 lege
1338 1963 1419 2022 iube·

101 2075 147 2138 tur,
165 2067 217 2127 bae
241 2077 325 2127 sunt.

170 2173 194 2230 l.
229 2171 282 2230 De
304 2171 469 2230 munitione
491 2171 665 2231 colonorum
687 2171 913 2252 iucolarumque
934 2172 1084 2250 quomodo
1107 2173 1268 2230 decernant
1287 2167 1419 2228 decurio-

99 2291 150 2344 nes,
169 2291 264 2352 supra
283 2293 314 2352 p.
333 2271 390 2332 127
414 2274 551 2333 vidimus.

169 2374 196 2435 2.
231 2375 284 2444 De
307 2376 458 2435 armandis
481 2379 519 2436 ob
541 2377 743 2438 incursionem
765 2377 903 2438 hostilem
926 2377 1041 2437 colonis
1064 2377 1222 2436 decernere
1245 2375 1420 2434 decuriones

99 2477 157 2536 item
178 2497 272 2556 supra
294 2497 324 2556 p.
343 2478 401 2538 126
423 2479 561 2539 vidimus.
579 2511 582 2516 ·

170 2580 197 2638 3.
233 2581 401 2658 Mag'stros
423 2581 562 2640 fanorum
584 2603 604 2642 a
624 2583 759 2643 duoviris
781 2583 924 2644 constitui
945 2601 1106 2660 eorumque
1129 2599 1215 2640 sacra
1234 2580 1366 2640 ordinari
1382 2599 1421 2640 ex

101 2680 280 2742 decurionum
304 2685 423 2743 decreto
445 2684 576 2744 uidimus
598 2704 628 2763 p.
647 2683 714 2744 128.

170 2787 198 2845 4.
234 2785 335 2845 LudIs
363 2787 538 2847 decuriones
565 2795 595 2846 et
616 2788 684 2848 aliis
711 2788 890 2865 quibusdam
918 2788 1055 2865 personis
1081 2788 1265 2866 permittere,
1292 2797 1324 2846 ut
1345 2787 1424 2844 inter

102 2885 172 2960 ipsos
198 2897 350 2966 spectent,
381 2900 411 2948 et
440 2889 585 2950 scaenicis
615 2899 694 2950 certe
723 2891 874 2951 dominum
903 2891 1040 2951 ludorum
1068 2891 1134 2950 loca
1163 2889 1307 2950 arbitratu
1335 2890 1423 2948 decu-

102 2987 204 3050 rionum
226 2991 422 3050 distribuisse
443 2992 572 3052 vidimus
593 3011 623 3070 p.
641 2993 709 3052 130.

173 3095 200 3152 5.
239 3093 391 3154 Patronos
412 3095 606 3172 hospitesque
628 3096 764 3156 coloniae
785 3096 936 3174 quomodo
959 3097 1138 3175 adoptentur
1160 3095 1354 3156 decurionum
1374 3094 1423 3152 de·

101 3203 180 3266 creto,
200 3195 292 3258 infre.
302 3215 332 3274 p.
350 3197 409 3255 146
431 3208 595 3257 enarratur.

175 3297 201 3356 d.
238 3297 288 3356 De
303 3297 503 3378 legationibus
518 3301 638 3376 publice
653 3301 804 3361 mittendis
819 3321 897 3380 qnae
912 3309 1055 3361 caventur
1076 3321 1100 3360 c.
1116 3299 1210 3360 XCII
1233 3299 1277 3377 (l,
1296 3297 1421 3374 1-18),
1441 3313 1561 3378 Legatio-

103 3399 192 3458 omnia
216 3409 289 3459 nota
311 3410 395 3474 sunt;
422 3403 511 3461 ctiam
534 3402 571 3462 de
592 3403 657 3462 iure
679 3403 771 3484 legati
792 3405 934 3466 vicarium
957 3403 1047 3462 dandi
1070 3402 1310 3480 Papinianus¹):
1338 3401 1422 3460 Vica-
1478 3403 1524 3438 ¹¹⁰³

103 3503 164 3571 000,
184 3501 290 3579 inquit,
314 3504 403 3563 alieni
422 3509 544 3563 muneris
566 3506 710 3566 voluptate
730 3527 784 3568 aaa
807 3509 891 3567 datus
913 3509 1012 3566 ordine
1034 3525 1085 3566 000
1101 3505 1266 3582 legationem
1281 3507 1425 3582 suscipere

187 3609 305 3682 copiarr.
345 3603 433 3680 Quod
455 3614 554 3666 autem
576 3608 648 3668 abbi
669 3603 817 3686 legitur²)
840 3609 969 3688 legatum
993 3609 1136 3668 vicarium
1158 3607 1230 3667 dare
1251 3625 1310 3666 non
1332 3623 1424 3684 posse

103 3705 153 3763 uisi
172 3707 266 3766 filium
289 3725 387 3779 suum,
409 3708 451 3767 ita
473 3709 591 3768 videtur
612 3711 819 3788 accipiendum
841 3731 907 3772 esse
925 3729 1017 3790 posse
1031 3731 1098 3770 eum
1113 3709 1204 3770 aliurn
1220 3727 1338 3786 quoque
1352 3708 1424 3768 dare

104 3810 337 3884 consentientem,
359 3811 392 3869 in
412 3811 474 3868 filio
497 3829 552 3871 suo
575 3831 753 3874 consensum
776 3833 835 3874 non
855 3815 976 3891 requiri.

179 3911 205 3969 7.
255 3913 302 3971 Ad
335 3931 430 3990 aquas
460 3915 596 3992 publicas
627 3915 707 3992 quod
737 3918 843 3976 attinet
868 3917 1042 3976 decuriones
1070 3935 1134 3975 cum
1166 3917 1340 3986 decernunt,
1371 3931 1425 3991 per
1469 3925 1539 3976 (turc

104 4029 171 4086 quos
196 4032 285 4092 egros
310 4017 456 4075 ducantur
478 4015 516 4092 (c.
533 4015 690 4076 XCVIIII
712 4020 744 4092 3,
760 4019 888 4094 37-4,
906 4019 958 4096 8),
985 4029 1048 4078 tum
1070 4037 1179 4096 aquam
1202 4018 1343 4077 caducam
1366 4015 1424 4091 pri·
1443 4015 1567 4066 aquarum

105 4123 165 4173 vato
189 4119 301 4194 petenti
328 4119 495 4178 concedunt
521 4117 602 4194 (0.0
625 4121 659 4191 4,
675 4119 807 4198 9-16).
851 4120 928 4182 Cum
950 4121 1003 4182 illo
1025 4122 1122 4198 capite
1144 4119 1357 4180 eonferendum
1379 4127 1427 4176 est

105 4219 177 4291 quod
204 4219 308 4278 scribit
335 4219 498 4280 Frontinus
527 4221 564 4279 de
592 4221 677 4300 aquis
708 4241 733 4282 c.
754 4221 833 4300 Ι1180
865 4227 987 4284 maiores
1015 4227 1106 4283 nostri
1132 4223 1300 4281 admirabili
1329 4225 1426 4298 aequi·

106 4327 155 4379 tate
173 4341 208 4380 ae
229 4324 395 4398 ecquidem
418 4327 582 4400 eripuerunt
600 4329 724 4402 privatis
746 4344 820 4402 quae
842 4327 883 4386 acl
902 4329 1015 4386 modum
1032 4324 1218 4404 publicara3)
1236 4324 1427 4402 pertinebant,

107 4423 150 4478 red
170 4443 232 4482 cam
258 4443 351 4502 aquas
374 4427 577 4502 perducerent,
604 4431 631 4486 ei
657 4429 802 4505 difficilior
820 4447 973 4505 possessor
994 4433 1025 4488 ia
1042 4439 1127 4506 parte
1148 4428 1301 4486 vendanda
1315 4429 1427 4503 fecerat,

105 4541 153 4598 pro
179 4535 234 4586 toto
259 4546 329 4604 apro
351 4531 504 4604 perreriam
530 4531 686 4590 intulerunt
710 4541 737 4588 et
758 4542 824 4606 post
848 4532 1034 4590 determinato
1055 4533 1219 4590 accessoria
1242 4530 1306 4589 loca
1327 4547 1428 4588 recreas

108 4643 161 4684 eure
185 4647 285 4704 aprum
310 4632 505 4691 uendiderunt.
548 4631 697 4692 Videntur
722 4633 825 4711 itaque
850 4633 933 4712 leges
959 4635 997 4693 de
1024 4653 1060 4693 ea
1086 4633 1217 4693 relatae
1240 4631 1428 4692 curatoribus

178 4969 201 5035 ¹)
229 4972 287 5039 mg.
302 4974 346 5038 so,
363 4975 405 5037 re,
421 4973 539 5040 141131·

178 5059 203 5126 ¹>
229 5064 288 5130 neg.
303 5067 346 5130 so,
362 5067 406 5130 16.
420 5066 436 5117 5
452 5065 501 5132 [4],
517 5069 543 5118 4·

179 5152 203 5216 ¹)
233 5153 408 5218 [Adductum
428 5159 574 5225 publicum?
611 5157 742 5225 Horma-l
