3504 6004
397 652 449 706 sc.
468 654 517 704 oa
535 653 715 704 nvnnnvrs
735 652 873 705 saunvs
891 651 1110 705 auovnusrs.
1341 629 1414 703 283

153 835 178 884 et
200 827 366 904 [acr]tbarrdo
388 829 542 905 adsuerant
566 830 685 906 repperi
710 827 825 886 litteras
852 826 977 886 delicere
999 847 1024 886 c.
1050 825 1102 900 12,
1129 826 1238 903 quibus
1264 823 1418 884 commode

149 930 282 989 inseretur
301 931 365 990 dies
388 932 457 990 idib.
482 931 594 991 Octobr.
616 931 666 990 vel
688 931 738 1008 qai
760 931 837 988 alius
860 930 925 988 fuit.

116 1031 157 1088 dd
175 1051 199 1090 v.
214 1031 241 1090 8.
280 1031 339 1092 Vix
367 1033 525 1110 quicquam
552 1045 599 1093 est
625 1033 657 1092 in
683 1034 741 1092 hoc
763 1033 940 1092 documento
962 1033 1057 1109 magis
1079 1031 1233 1090 insolitum
1256 1038 1285 1089 et
1305 1046 1416 1089 novum

147 1153 226 1210 quarn
250 1143 434 1212 quaestorum
456 1137 576 1195 nomina
597 1135 636 1194 ad
657 1153 724 1206 eos,
750 1135 802 1211 qui
829 1143 950 1193 senatus
973 1135 1107 1193 consulto
1130 1132 1342 1212 perscribenda
1365 1131 1417 1190 ad-

146 1237 282 1309 hibentur,
302 1238 453 1313 adscripta
473 1239 539 1297 loco
562 1245 706 1296 extremo.
748 1236 877 1296 Diversa
898 1257 937 1296 ex
959 1255 1051 1296 causa
1072 1247 1245 1314 quaestores
1268 1235 1417 1295 adhibitos

146 1356 206 1396 esse
231 1351 312 1416 atque
335 1340 441 1399 solitos
469 1349 588 1400 senatus
616 1340 820 1398 consultorum
845 1349 937 1398 testes
958 1339 1071 1398 indicat
1092 1349 1152 1396 tarn
1174 1338 1342 1424 quaestoris
1365 1355 1417 1412 ap·

145 1441 257 1517 pallatio
275 1443 393 1518 utrique
415 1442 530 1516 addita,
553 1462 620 1501 curn
642 1449 734 1502 testes
756 1443 834 1501 nude
856 1442 1093 1519 perscribantur,
1116 1459 1204 1518 quarn
1226 1439 1306 1517 quod
1328 1458 1418 1517 quae-

99 1609 103 1620 1
145 1550 202 1599 ator
221 1562 257 1600 ne
276 1555 396 1604 senator
418 1543 537 1621 quidem
560 1555 615 1619 est,
642 1565 709 1603 cum
731 1545 894 1620 quaestorii
916 1543 1034 1602 demum
1056 1545 1245 1602 senatoribus
1267 1541 1417 1601 accedant.

144 1643 267 1706 Pertinet
290 1647 362 1720 huc,
390 1647 421 1704 ni
443 1647 548 1719 fallor,
576 1647 657 1723 quod
678 1647 782 1706 scribit
802 1647 863 1705 Dio
880 1647 933 1720 54,
950 1647 988 1706 36
1011 1649 1194 1724 Angustum,
1222 1664 1289 1702 cunr
1312 1643 1417 1702 aerarii

143 1764 234 1806 curam
254 1767 271 1806 a
291 1749 501 1825 quaestoribus
523 1749 645 1808 urbanis
668 1749 706 1808 ad
727 1749 804 1808 alios
822 1749 1016 1826 magistratus
1031 1749 1090 1807 iam
1106 1759 1195 1808 antea
1208 1747 1418 1819 transtulisset,

143 1867 166 1906 a
187 1870 214 1908 u.
235 1869 259 1910 c.
278 1851 337 1910 743
368 1851 489 1910 sublata
517 1852 656 1911 aedilium
684 1852 931 1928 tribunorumque
958 1852 995 1910 de
1023 1851 1079 1910 bac
1106 1871 1139 1910 re
1166 1859 1314 1929 potestate
1343 1849 1416 1908 solis

142 1952 341 2026 quaestoribus
369 1964 491 2012 senatus
516 1955 718 2013 consultorum
741 1973 841 2014 euram
864 1953 1051 2032 permisisse:
1078 1955 1136 2015 τοῖς
1156 1943 1269 2020 ταμίαις
1288 1945 1325 2008 rol
1348 1943 1419 2028 δίγ-

141 2075 212 2119 ματα
235 2049 272 2111 rui
297 2045 435 2112 iutimare
462 2045 618 2133 γιγνὲμενα
645 2049 692 2114 διὰ
719 2057 853 2133 φυλακῆς
880 2052 1028 2113 ποιεῖσθαι
1050 2045 1221 2126 ἐκελεύσθη.
1263 2053 1307 2113 Ut
1327 2053 1419 2130 igitur

143 2173 196 2230 qno
221 2165 352 2233 tempore
378 2167 553 2233 quaestores
577 2159 717 2236 pecunias
739 2159 874 2236 publicas
896 2165 1024 2218 tractare
1046 2157 1210 2230 desierunt,
1238 2176 1317 2224 eam,
1339 2175 1416 2232 quae

140 2255 167 2314 iu
187 2268 304 2318 senatus
327 2261 473 2319 consultis
494 2261 691 2320 adservandis
713 2261 851 2332 vertitur,
879 2261 986 2319 aerarii
1013 2260 1299 2320 administrationem
1321 2258 1416 2317 nihilo

139 2360 231 2420 minus
250 2362 443 2434 retinuerunt,
465 2362 508 2421 ita
529 2373 760 2422 consentaneum
783 2371 829 2422 est
849 2365 886 2422 ab
909 2383 935 2422 a.
951 2363 1020 2422 inde
1035 2363 1093 2420 743
1117 2363 1173 2420 lroc
1191 2379 1310 2438 quoque
1324 2360 1416 2419 intro-

140 2461 250 2521 ductum
271 2481 353 2536 esse,
380 2475 413 2524 ut
440 2465 607 2525 deferendis
629 2467 667 2524 ad
688 2467 772 2542 ipsos
799 2474 920 2526 senatus
947 2465 1092 2524 consultis
1118 2465 1206 2524 etiam
1230 2463 1417 2540 perscriben-

29 2614 34 2625 .
139 2563 181 2622 dis
209 2565 346 2626 adessent
372 2568 551 2644 nominaque
577 2589 680 2628 eorum
702 2579 771 2646 post
792 2579 882 2627 testes
904 2569 1066 2627 sollemnes
1089 2567 1335 2626 adscriberentur.
1378 2564 1416 2623 Ei

28 2747 29 2754 ἵ
140 2667 191 2724 soli
211 2671 329 2744 negotio
351 2680 448 2729 aetate
470 2671 664 2748 imperatoria
685 2679 861 2747 quaestores
883 2671 988 2729 urbani
1009 2671 1145 2728 videntur
1168 2670 1332 2726 vacavisse.

28 2759 29 2784 ¹
106 2767 145 2824 td
166 2787 190 2826 v.
207 2769 233 2827 8.
249 2770 276 2829 9.
296 2773 342 2830 10.
381 2771 456 2830 Curn
471 2773 683 2832 vetustioribus
711 2782 830 2832 senatus
853 2773 996 2832 consultis
1013 2772 1161 2832 subscribi
1177 2770 1274 2830 soleat
1288 2771 1417 2830 vocabu·

139 2869 195 2928 lum
216 2891 355 2944 censuere,
378 2874 479 2934 addito
502 2885 599 2934 aetate
620 2876 812 2952 imperatoria
832 2875 918 2950 (puto
940 2896 977 2934 ex
998 2876 1209 2934 constitutione
1225 2875 1261 2932 ab
1276 2876 1415 2950 Augusto

29 3044 33 3052 .
137 2975 416 3047 a.u.c.'l451ata,
444 2976 480 3034 de
507 2995 567 3054 qna
593 2979 734 3055 exposuit
761 2977 821 3036 Ilio
843 2979 931 3048 53,3
955 2978 993 3036 cf.
1017 2978 1071 3050 54,
1088 2976 1148 3051 35)
1171 2985 1343 3035 senatorum
1365 2975 1416 3050 qui

138 3077 308 3136 sententiam
335 3078 372 3135 de
400 3097 435 3136 ea
461 3098 494 3137 re
519 3079 660 3138 tulissent
686 3099 823 3152 numero,
850 3080 898 3138 hic
920 3091 953 3136 ut
973 3097 1113 3138 numerus
1135 3079 1205 3137 item
1228 3077 1413 3148 adscribitur,

136 3178 174 3236 ita
199 3198 254 3256 pro
282 3180 362 3238 nudo
392 3181 532 3240 censendi
560 3182 703 3240 vocabulo
731 3182 858 3242 formula
889 3182 1011 3241 inducta
1041 3191 1086 3240 est
1116 3181 1243 3239 formam
1274 3179 1414 3240 censendi

136 3281 294 3339 accuratius
317 3282 471 3342 declarans
493 3283 636 3360 s(eactus)
659 3283 843 3359 c(onsaltarn)
862 3303 917 3360 per
938 3285 1136 3343 discessionem
1151 3285 1273 3357 saalum.
1314 3282 1350 3340 Id
1372 3281 1412 3340 si-

135 3382 236 3440 militer
258 3392 290 3442 ut
311 3385 342 3442 in
362 3390 393 3442 in
408 3396 528 3444 senatus
544 3387 681 3446 consulto
695 3387 907 3464 perscribendo
922 3385 1134 3458 enuntiaretlur,
1157 3393 1227 3462 post
1242 3386 1412 3462 Augustum

135 3487 322 3544 constitutum
345 3487 385 3545 sit
405 3507 527 3548 necesse
549 3498 603 3547 est.
647 3489 782 3565 Utraque
804 3499 903 3547 autem
925 3489 1078 3547 adnotatio
1100 3489 1246 3564 reperitur
1267 3487 1413 3546 translata

134 3604 168 3643 ex
187 3586 253 3646 loeo
276 3596 410 3648 extremo
432 3591 463 3648 in
485 3591 581 3668 ipsum
604 3602 725 3650 senatus
748 3592 875 3650 consulti
897 3591 1086 3667 principium.

100 3687 141 3744 Ad
160 3708 187 3746 v.
203 3687 252 3748 25.
297 3689 397 3750 Verba
419 3704 511 3752 actum
534 3693 627 3751 idibus
647 3693 759 3752 Octobr.
781 3693 818 3750 P.
835 3694 935 3752 Cassio
956 3692 1086 3752 Secundo
1102 3693 1145 3749 M.
1162 3692 1258 3750 Nonio
1273 3691 1411 3749 Muciano

132 3808 185 3848 non
213 3801 282 3850 sunt
312 3813 383 3869 pars
415 3805 536 3853 senatus
569 3796 711 3868 consulti,
744 3797 797 3854 sed
825 3795 979 3853 exordium
1006 3795 1049 3853 ita
1074 3795 1262 3865 continuant,
1295 3803 1328 3852 ut
1355 3794 1411 3852 hoc

132 3891 295 3970 significent
328 3904 450 3956 senatus
485 3897 655 3956 consultum
688 3917 722 3954 ea
754 3897 802 3955 die
836 3898 1018 3974 descriptum
1055 3905 1085 3954 et
1116 3897 1298 3972 recognitum
1334 3913 1410 3953 esse.

131 3993 205 4054 Nam
235 3997 343 4056 similis
369 3998 498 4056 formula
523 4000 601 4058 redit
621 4001 652 4056 in
675 4019 734 4058 uno
756 3999 1013 4058 senatusconsulto
1036 3998 1129 4056 relato
1151 3999 1189 4057 ab
1211 3999 1340 4074 Iosepho
1363 3998 1410 4070 14,

133 4095 252 4170 10,10‚
279 4100 332 4156 ubi
357 4109 427 4176 post
451 4101 551 4178 ipsum
579 4101 728 4160 decretum
755 4121 820 4160 cum
847 4102 1032 4178 praescripto
1056 4101 1104 4160 die
1129 4101 1174 4158 ΙΙΙ
1199 4099 1239 4159 id.
1262 4101 1336 4177 Apr.
1363 4117 1410 4158 se-

132 4209 257 4273 quuntur
281 4200 372 4259 verba
398 4202 486 4262 haec:
513 4194 623 4278 ἐγένετο
649 4199 701 4287 apd
728 4194 804 4261 aivva
830 4198 910 4260 εἰδῶν
936 4196 1132 4286 Φεβρουαρίων
1158 4201 1186 4259 ἓν
1211 4203 1252 4278 τῷ
1278 4203 1338 4278 ναῷ
1362 4203 1412 4271 τῆς

129 4293 270 4364 Ὁμονοίας
296 4305 470 4364 consulibus
496 4306 618 4364 omissis
643 4306 771 4365 fortasse
797 4307 885 4381 culpa
908 4305 1042 4383 Iosephi3
1068 4305 1234 4379 habentque
1256 4304 1329 4362 haec
1351 4303 1410 4361 duo

132 4406 389 4464 senatusconsulta
415 4407 481 4465 sola
508 4427 546 4465 ex
572 4407 610 4465 iis
636 4425 712 4484 qnae
740 4417 902 4483 supersunt
928 4407 1083 4465 exordium
1106 4407 1143 4464 de
1164 4405 1359 4464 describendo
1381 4413 1411 4462 et

131 4507 377 4582 recognoscendo.
422 4507 509 4567 Unde
536 4518 659 4586 apparet
686 4511 832 4568 eiusmodi
860 4511 972 4568 dierum
1000 4509 1206 4566 adnotationes
1234 4527 1300 4566 cum
1322 4525 1409 4565 exor-

130 4604 183 4665 diis
212 4609 434 4685 coniungendas
461 4629 527 4670 esse
540 4611 578 4686 ¹).
624 4610 763 4688 Denique
785 4613 942 4688 exordium
964 4613 1042 4670 diern
1064 4609 1283 4686 quodammodo
1310 4609 1410 4685 requi·

130 4697 184 4780 rit3⁸
199 4727 268 4768 nam
291 4712 468 4789 saepissime
489 4714 688 4772 instrumenta
709 4715 857 4792 descripta
872 4723 902 4771 et
915 4716 1068 4791 recognita
1081 4714 1124 4771 ita
1138 4712 1354 4788 concipiuntur,
1376 4720 1410 4768 ut

131 4811 290 4887 exemplari
316 4813 461 4891 descripto
488 4824 689 4894 praeponatur
709 4817 864 4875 exordium
887 4818 923 4876 de
944 4815 1153 4888 describendo,
1179 4814 1324 4872 adiciatur
1344 4813 1408 4871 dies

161 5143 182 5209 ²)
211 5147 297 5196 Aliter
320 5147 353 5195 de
375 5146 433 5195 loco
456 5146 561 5212 Iosepbi
585 5147 707 5196 iudicavit
726 5147 877 5198 Huebnerus
901 5150 927 5200 in
953 5149 1136 5198 commentario
1162 5147 1194 5196 de
1220 5147 1282 5195 actis
1306 5153 1407 5196 senatus

98 5247 119 5295 Ρ·
135 5251 156 5300 q.
173 5238 205 5289 R.
225 5255 251 5304 p.
268 5241 315 5302 183
334 5239 379 5288 red
398 5240 551 5288 documento
569 5239 597 5289 in
617 5239 709 5290 Africa
727 5249 828 5305 reperto
848 5243 962 5307 quaestio
983 5242 1068 5292 decisa
1087 5249 1132 5290 est.
