3520 6006
535 716 610 766 ιιι(
629 715 710 767 con.
732 717 961 767 cuusrrvan.
1347 701 1415 770 141

100 903 198 950 ratores
222 891 404 968 respiciunt,
431 909 527 967 neque
549 897 675 967 apparet
695 893 802 950 iudices
824 891 869 948 illi
891 909 951 966 quo
973 891 1156 970 pertineant,
1183 901 1296 950 utnon
1319 893 1419 970 inepte

100 997 138 1052 bic
157 1013 272 1070 quoque
294 995 332 1052 de
353 993 583 1070 interpolatione
605 993 730 1070 cogitari
752 993 863 1069 possit;
886 1001 966 1052 certe
983 995 1063 1070 quod
1078 1003 1270 1070 expectamus
1286 997 1343 1053 hoc
1358 1003 1417 1054 est:

98 1101 171 1173 quasi
190 1101 216 1154 ri
235 1100 439 1173 reciperatores
461 1099 490 1154 io
513 1115 575 1154 eam
595 1113 654 1153 rem
676 1098 738 1154 dati
758 1115 814 1154 non
836 1105 934 1154 essent.
968 1097 1017 1154 Ad
1038 1096 1082 1155 rei
1096 1097 1231 1172 privatae
1246 1097 1358 1156 iudicia
1373 1117 1419 1156 re-

98 1199 271 1277 cuperatoris
293 1199 452 1275 quominus
471 1198 542 1256 item
556 1199 710 1258 trahamus
726 1217 804 1274 quae
826 1217 851 1256 c.
866 1197 954 1258 XCV
969 1199 1117 1275 leguntur,
1140 1200 1242 1258 obstat
1256 1220 1320 1258 cum
1337 1201 1418 1276 quod

97 1303 130 1359 ibi
154 1303 200 1361 ubi
225 1302 327 1378 agitur
349 1301 385 1359 de
413 1301 590 1378 magistratu
612 1285 730 1378 petente
752 1301 924 1360 excusando
947 1301 1075 1360 adicitur
1097 1321 1164 1360 eum
1187 1321 1219 1360 ec
1240 1321 1271 1359 rc
1294 1283 1419 1362 coloniae

97 1415 192 1482 petere,
213 1411 278 1462 tum
302 1405 433 1463 maxime
461 1403 545 1480 (nam
566 1404 622 1462 hoc
643 1403 845 1463 additamento
868 1404 1053 1482 significatur
1074 1405 1193 1480 quidem
1217 1404 1359 1464 iudicium
1382 1406 1419 1464 de

97 1507 253 1584 republica
275 1515 461 1584 susceptum,
484 1506 617 1566 sednon
640 1505 808 1566 excluditur
829 1507 1038 1584 magistratum
1061 1507 1249 1584 privatumre
1271 1509 1361 1566 etiam
1381 1509 1418 1566 de

98 1628 142 1668 aaa
160 1628 189 1667 re
211 1609 352 1668 similiter
373 1609 454 1668 litem
477 1609 640 1668 contestari
662 1609 812 1686 potuisse)
836 1609 954 1666 testium
977 1610 1070 1680 ratio,
1093 1627 1182 1685 quam
1205 1611 1285 1668 infra
1307 1611 1419 1668 videbi·

96 1730 150 1770 mus
175 1731 193 1768 a
217 1712 347 1788 privatis
373 1711 494 1788 iudiciis
522 1711 649 1770 alienam
672 1729 750 1770 esse.
795 1711 933 1787 Denique
954 1729 1014 1770 uon
1037 1711 1101 1770 sine
1123 1729 1215 1770 causa
1235 1713 1304 1771 huic
1327 1715 1419 1790 capiti

97 1815 272 1893 subiungitur
295 1811 413 1886 XCVI,
435 1833 494 1890 quo
516 1813 622 1872 duovir
642 1815 770 1886 iubetur,
799 1813 824 1872 si
847 1813 894 1872 cui
916 1813 1067 1872 decurioni
1090 1814 1126 1872 de
1149 1815 1275 1890 pecunia
1296 1817 1418 1894 publica

95 1917 219 1976 multisve
242 1917 390 1993 poenisve
416 1917 523 1974 locove
548 1917 666 1993 publico
688 1917 825 1994 quaestio
846 1916 1027 1975 iudiciumve
1048 1917 1263 1975 instituendum
1285 1935 1353 1977 esse
1376 1919 1418 1976 vi-

95 2020 192 2092 deatur,
217 2020 255 2078 de
283 2039 322 2076 ea
346 2039 380 2077 re
406 2020 503 2096 primo
530 2037 649 2096 quoque
672 2018 780 2078 dicad
803 2019 979 2078 decuriones
1001 2019 1119 2077 referre.
1141 2051 1178 2062 -
1210 2019 1416 2096 Magistratus,

95 2122 161 2197 apud
186 2141 275 2198 quern
304 2121 348 2180 ita
374 2122 486 2198 agitur,
512 2121 619 2180 duovir
643 2131 690 2180 est
711 2121 918 2198 praelectusve
940 2121 1089 2194 coloniae,
1118 2131 1149 2180 ut
1171 2129 1267 2180 estet
1289 2123 1417 2183 cxcv

96 2227 117 2294 l,
130 2225 164 2281 33
185 2235 215 2283 et
236 2225 268 2281 in
291 2223 369 2282 locis
392 2241 483 2300 supra
505 2224 667 2302 propositis
688 2223 886 2300 interpolatis,
909 2223 967 2283 nisi
988 2225 1068 2300 quod
1090 2224 1120 2282 in
1139 2243 1198 2282 uno
1214 2243 1314 2284 eorum
1332 2206 1416 2298 7‚'50

95 2327 196 2384 accedit
220 2326 364 2385 interrex.
410 2324 553 2386 Similiter
574 2327 606 2384 in
628 2327 693 2402 lege
716 2325 857 2385 Caesaris
880 2327 999 2402 agraria
1020 2327 1084 2385 sive
1106 2326 1240 2386 Mamilia
1260 2346 1285 2386 c.
1300 2325 1357 2387 LV
1380 2329 1433 2408 de,

93 2429 187 2488 indicio
210 2428 383 2487 sestertium
398 2427 428 2484 V
442 2428 555 2487 milium
578 2428 607 2485 iu
630 2429 780 2504 publicum
803 2429 938 2486 coloniae
960 2429 1153 2505 municipiive
1175 2439 1297 2506 propter
1316 2431 1416 2489 termi-

93 2549 150 2590 num
171 2533 299 2590 eiectum
326 2530 547 2588 inserendorum
574 2539 694 2588 cantum
721 2538 768 2588 eat
794 2531 851 2589 sic:
880 2533 914 2589 de
935 2551 969 2590 ea
990 2551 1022 2590 ra
1043 2535 1184 2590 curatoris
1206 2536 1256 2608 qui
1278 2533 1331 2592 ltac
1356 2535 1416 2610 lepe

94 2639 137 2690 erit
158 2635 394 2710 (intelleguntur
416 2633 521 2690 lIlviri
542 2633 678 2694 coloniae
700 2632 889 2692 deducendae
912 2633 1083 2710 similesque
1105 2635 1314 2712 magistratus)
1342 2639 1415 2695 iuris

93 2737 163 2795 dictio
184 2740 464 2813 reciperatorcmquc
485 2736 565 2794 datio
587 2737 711 2794 addictio
735 2745 800 2794 cato.
835 2753 898 2794 cum
918 2747 1035 2795 curator
1056 2737 1110 2796 dcc
1126 2737 1185 2812 lepc
1198 2755 1255 2795 ooo
1271 2741 1333 2810 crit,
1358 2747 1415 2796 tum

93 2839 245 2916 quicumque
272 2843 458 2914 magistratus
486 2840 517 2895 io
543 2857 577 2896 ec
603 2838 715 2896 colonio
742 2841 896 2914 municipio
922 2841 1108 2916 praefectura
1128 2841 1197 2915 soro
1225 2840 1414 2899 conciliabulo

94 2944 143 2998 iare
167 2943 291 3000 dicundo
313 2943 456 3018 praeerit,
485 2943 545 2998 eius
570 2944 756 3016 mapiatratua
784 2942 819 2998 de
845 2957 879 2998 ea
900 2959 930 2998 rc
951 2943 1024 2999 iuria
1047 2944 1131 3000 dictio
1154 2943 1313 3018 iudiciaque
1336 2945 1414 3000 datio

94 3044 203 3102 addictio
226 3053 296 3102 esto.
340 3043 475 3102 Iudicem
501 3043 582 3118 quod
604 3041 675 3100 dare
697 3043 814 3102 iubetur
836 3042 1044 3120 magistratus,
1073 3063 1109 3101 eo
1132 3063 1191 3102 uon
1214 3045 1414 3104 excluduntur

94 3155 322 3223 recuperatores,
354 3146 408 3204 sed
440 3145 573 3222 generali
602 3145 750 3204 vocabulo
778 3145 826 3202 lex
855 3145 912 3203 hoe
939 3145 1006 3203 loco
1037 3147 1129 3205 utitur
1160 3146 1260 3224 legum
1289 3146 1325 3204 de
1354 3149 1413 3206 sin·

94 3247 161 3322 gulis
186 3249 316 3308 coloniis
338 3255 444 3324 postea
465 3247 629 3324 dandarum
657 3247 832 3306 iudiciorum
859 3247 1065 3306 ordinationes
1091 3267 1194 3308 omnes
1220 3249 1309 3307 simul
1334 3269 1413 3308 com·

94 3349 223 3426 plectens.
246 3383 284 3394 -
313 3350 552 3426 Recuperatores
579 3349 622 3408 ita
648 3349 770 3423 dantur,
798 3359 831 3408 ut
852 3350 1003 3408 certo'die
1025 3349 1155 3408 iudicare
1178 3351 1347 3426 iubeantur,
1377 3371 1412 3410 eo

95 3452 178 3511 diesi
199 3472 259 3512 non
281 3453 450 3526 iudicarint,
473 3453 525 3528 qui
547 3451 629 3512 dedit
650 3452 742 3512 alium
765 3451 844 3510 diem
866 3453 904 3510 iis
926 3451 1092 3530 praefiniat,
1115 3461 1178 3510 tota
1201 3461 1300 3514 tamen
1323 3473 1413 3514 causa

94 3556 200 3614 omnino
226 3557 307 3615 intra
329 3555 501 3614 vicesimum
530 3556 606 3613 diem
634 3557 816 3614 terminetur.
862 3551 948 3630 Quae
974 3575 1054 3614 nova
1080 3565 1150 3614 sunt
1175 3557 1287 3630 omnia3
1315 3559 1414 3617 adhuc

94 3658 160 3715 euim
180 3659 236 3718 hoc
257 3666 372 3718 tantum
395 3659 553 3717 constabat
572 3658 715 3716 iudicium
733 3658 881 3734 privatum
897 3677 952 3735 per
965 3666 1189 3736 recuperatores
1205 3658 1332 3718 celerius
1346 3681 1411 3738 per·

94 3760 189 3820 lectuna
213 3779 392 3838 essequam
414 3780 467 3837 per
489 3780 580 3820 unum
602 3759 780 3838 iudicem1).
824 3760 1084 3846 Recuperatorum¹
1101 3761 1219 3820 sortitio
1240 3769 1270 3820 et
1290 3763 1412 3821 reiectio

94 3873 350 3924 commemorantur
373 3863 401 3937 2,
418 3861 468 3935 27,
491 3863 660 3922 accuratius
683 3871 781 3922 autem
804 3882 864 3922 non
887 3863 1076 3922 definiuntur.
1092 3897 1133 3906 —
1155 3864 1229 3941 Ipsa
1251 3865 1328 3922 actio
1348 3865 1413 3923 sive

94 3971 207 4038 quaestio
234 3966 317 4043 (nam
344 3965 506 4042 quaerendi
529 3965 676 4024 vocabulo
702 3966 751 4024 lex
779 3966 816 4024 de
843 3983 877 4022 eo
905 3966 1015 4024 iudicio
1042 3967 1134 4024 utitur
1156 3965 1189 4040 2,
1207 3966 1235 4024 6.
1255 3967 1304 4026 36.
1328 3967 1361 4040 3,
1378 3967 1411 4043 6)

93 4067 235 4143 popularis
261 4077 322 4142 est3
349 4069 425 4144 petit
451 4069 546 4140 euim,
573 4074 607 4126 ut
632 4075 775 4144 perpetuo
805 4069 835 4126 in
863 4068 964 4128 multis
986 4069 1125 4142 adicitur,
1154 4073 1204 4146 qui
1224 4069 1306 4128 colet.
1351 4067 1412 4130 Sed

94 4167 135 4225 lex
159 4169 188 4227 in
214 4171 373 4230 ordinandi
398 4169 508 4230 iudicio
535 4169 707 4248 distinguit,
733 4174 759 4228 si
784 4171 886 4230 duova'r
903 4173 1066 4248 praefectus
1083 4181 1161 4248 petet
1181 4182 1211 4230 et
1232 4177 1259 4230 si
1275 4176 1411 4249 privatae

93 4279 168 4343 petet3
194 4291 318 4350 quornm
345 4273 420 4332 illud
445 4273 621 4350 plerumque
650 4271 761 4330 lactum
788 4291 855 4332 esse
883 4274 1038 4351 probabile
1065 4282 1112 4334 est
1138 4283 1169 4333 et
1193 4283 1316 4350 propter
1342 4293 1410 4332 cau-

96 4389 149 4430 sam
169 4375 314 4435 multandi
342 4375 424 4450 (nam
452 4376 552 4452 agitur
582 4375 680 4433 ubivis
702 4376 738 4433 de
761 4375 868 4436 delicto
891 4375 1010 4453 publico
1031 4393 1185 4454 poenaque
1208 4377 1239 4436 in
1261 4376 1411 4452 publicum

95 4474 254 4554 redigenda)
281 4487 312 4536 et
331 4485 504 4556 propterea,
532 4477 612 4554 quod
633 4475 705 4536 olim
728 4477 808 4554 apud
826 4478 981 4536 Romanos
1005 4479 1077 4538 solis
1099 4479 1324 4557 magistratibus
1347 4480 1411 4540 eius

96 4579 199 4649 generis
228 4599 390 4658 poenarum
423 4580 616 4656 petendarum
645 4579 693 4639 ius
718 4581 813 4640 fuisse
842 4579 1015 4658 videtur2);
1049 4581 1177 4657 denique
1205 4582 1286 4658 quod
1317 4583 1347 4656 1,
1370 4584 1410 4642 34

97 4675 163 4737 llrir
189 4683 393 4758 praelectusve
422 4693 452 4740 et
478 4693 703 4759 recuperatores
734 4692 764 4742 et
789 4703 857 4742 eum
885 4683 970 4742 cuius
998 4701 1047 4742 res
1075 4684 1175 4760 agitur
1202 4684 1309 4742 adesse
1330 4685 1411 4742 iubet

98 4791 183 4842 actore
208 4787 333 4858 omisso,
360 4785 449 4844 facile
471 4785 653 4862 explicatur,
680 4786 706 4846 si
729 4785 848 4862 quidem
869 4785 934 4862 ipse
956 4786 1151 4864 magistratus
1174 4795 1289 4846 actores
1310 4793 1411 4864 partes

98 4965 281 4982 Ἢ

163 5107 184 5171 ¹)
211 5111 299 5164 Cicero
312 5129 359 5178 pro
374 5113 441 5164 Tull.
459 5116 505 5164 10:
525 5115 710 5183 reciperatores
728 5113 799 5177 dore,
819 5121 847 5165 ut
865 5131 938 5183 quam
951 5115 1061 5182 primum
1073 5130 1115 5165 res
1127 5058 1292 5166 iudicarelur.
1320 5116 1409 5167 Diviu.

100 5196 121 5246 in
133 5199 218 5252 Caecil.
233 5208 273 5268 17,
288 5205 333 5256 56.
360 5205 460 5256 Plinius
480 5221 519 5272 ap.
535 5209 560 5269 3,
577 5210 620 5269 20,
635 5210 660 5260 9.
688 5209 861 5271 hictosa.
891 5208 989 5270 Galat,
1006 5206 1067 5258 185.
1099 5209 1130 5258 Iu
1148 5209 1204 5272 lege
1217 5209 1319 5273 agraria
1338 5225 1362 5258 v.
1375 5211 1408 5260 37

102 5294 244 5356 magistratus
262 5298 363 5348 decimo
383 5298 424 5348 dle
443 5307 635 5366 recuperatores
656 5301 718 5352 dara
732 5301 842 5365 iubetur,
862 5307 997 5378 postquam
1011 5301 1045 5352 ad
1059 5315 1117 5351 eum
1130 5301 1157 5350 in
1170 5301 1210 5350 ius
1223 5301 1319 5351 aditum
1335 5302 1391 5351 erit.

163 5401 185 5466 ¹)
210 5404 365 5461 Stactsrccltt
379 5411 403 5472 l,
420 5411 480 5462 141.
