3520 6006
513 551 588 602 aux
606 549 688 601 coa.
709 549 934 603 GENETIVAE.
1321 529 1390 598 151

93 725 171 782 datum
192 742 266 794 esse,
287 731 512 800 recuperatores
534 731 632 782 autem
656 725 763 782 sortito
784 723 891 781 sectos.
928 722 987 780 His
1009 721 1116 798 positis
1137 740 1197 780 non
1214 722 1278 780 sine
1293 721 1395 796 aliqua

94 826 276 903 probabilitate
297 825 412 884 laceras
432 825 575 903 reliquias
597 827 640 884 ita
662 825 863 904 explebimus:

233 1011 283 1070 An
294 1015 398 1088 fiunem
417 1031 506 1072 meum
527 1017 553 1070 ai
576 1031 649 1090 quae
670 1015 868 1088 cuiuscumque
889 1011 945 1087 re]i
965 1015 1154 1070 nuntiationes

230 1115 353 1190 posthae
372 1117 447 1188 fient,
469 1118 500 1172 in
521 1117 615 1173 iudice
636 1133 692 1173 uno
714 1115 822 1190 eudem]
845 1115 990 1174 obseruari
1010 1115 1090 1172 debe-

233 1217 300 1274 bunt
319 1235 393 1292 quae
414 1235 477 1274 oum
497 1221 571 1275 inter
588 1221 719 1293 priuatos
742 1219 783 1276 ad
803 1217 901 1292 unu]m
922 1219 1043 1276 iudicem
1063 1217 1158 1274 ibitur.

233 1319 449 1396 Reciperatorea
471 1329 563 1378 autem
584 1319 634 1376 ubi
655 1321 689 1377 ds
710 1339 745 1378 ea
766 1338 798 1378 ra
819 1319 994 1396 sordidatur,
1017 1319 1111 1376 eodem
1130 1319 1212 1376 modo

233 1431 263 1478 ut
282 1425 312 1479 in
334 1441 424 1480 causa
445 1423 508 1492 fisci
528 1424 686 1480 sortiantur
701 1423 768 1498 fieri
789 1421 890 1496 d]ebet,
912 1441 978 1498 quo,
1001 1432 1032 1480 nt
1053 1424 1155 1496 recipe·

234 1533 344 1582 ratores
367 1525 401 1581 de
421 1543 453 1581 ra
473 1532 570 1582 uestra
592 1523 777 1600 sortiunt]ur‚
801 1524 870 1599 depe,
893 1543 978 1599 quam
1000 1523 1079 1582 uobis

232 1665 711 1686 ................
749 1625 847 1702 deant
865 1627 909 1702 fit.

97 1807 179 1869 Sontini
191 1811 302 1884 videtur
315 1813 438 1888 passive
453 1821 627 1890 usurpatum
642 1829 719 1871 esse.
735 1845 776 1856 -
797 1812 835 1871 V.
850 1811 888 1869 10
911 1811 1008 1889 prima
1022 1829 1099 1888 quae
1114 1819 1251 1888 superest
1265 1812 1365 1872 littera
1380 1829 1396 1871 e

96 1914 170 1990 magis
189 1915 302 1974 videtur
328 1931 508 1992 essequam
528 1933 556 1974 τ.
577 1949 615 1958 -
643 1915 887 1992 Reciperatorum
914 1914 951 1973 de
976 1934 1009 1972 re
1035 1913 1240 1973 Italicensium
1268 1915 1395 1988 sortitio,

97 2014 125 2071 ad
142 2015 214 2074 ouius
235 2017 407 2094 exemplum
429 2017 503 2076 haee
524 2017 589 2076 fieri
609 2018 737 2089 iubetur,
760 2017 828 2094 ipsa
848 2015 901 2075 illa
921 2024 977 2086 est,
998 2015 1029 2074 ni
1049 2015 1148 2090 fallor,
1172 2016 1208 2075 de
1224 2035 1284 2094 qua
1298 2017 1396 2092 agitur

95 2115 118 2173 in
135 2117 197 2194 legis
214 2117 396 2178 Ursonensis
419 2138 444 2178 o.
459 2116 549 2182 XCV
570 2119 652 2196 (vide
674 2139 766 2197 supra
786 2139 815 2196 p.
835 2119 918 2194 140).
954 2117 1020 2176 Lex
1043 2125 1140 2178 autem
1156 2137 1233 2195 quae
1247 2119 1396 2196 allegatur

96 2219 148 2294 ipsa
168 2231 208 2280 est
231 2222 301 2280 data
320 2222 546 2296 Italicensibus,
573 2241 638 2282 eum
661 2241 762 2282 eorum
785 2240 833 2282 res
854 2221 975 2299 publiea
997 2221 1158 2280 constituta
1179 2229 1233 2280 est
1276 2219 1394 2280 Nomen

96 2321 146 2379 eius
163 2324 208 2400 qui
229 2343 292 2384 eam
312 2325 409 2402 legem
431 2325 513 2384 dedit
533 2327 705 2386 coniectura
727 2325 868 2401 supplere
890 2343 949 2382 non
973 2323 1078 2382 audeo.

1055 2508 1115 2568 Tu.
1138 2509 1311 2569 Mouussu.
