3520 6006
328 688 399 760 146
760 711 1068 763 6666666666
1086 710 1171 762 von.
1191 710 1220 760 11

325 883 424 958 Quam
450 885 489 944 ob
511 903 574 944 rem
595 903 661 944 cum
683 886 816 944 universi
837 885 910 956 loci,
937 885 974 944 de
996 885 1104 962 quibus
1126 886 1175 944 hic
1196 885 1303 962 agitur,
1331 885 1363 944 in
1384 883 1517 944 tabulam
1538 885 1660 943 tertiam

323 986 458 1046 incidant
479 988 608 1064 pessime
630 988 853 1066 interpolatam,
882 987 960 1047 haud
982 989 1045 1048 scio
1068 1007 1107 1046 an
1129 987 1236 1046 aedilis
1258 1004 1377 1064 quoque
1398 987 1476 1046 male
1499 986 1545 1046 eis
1567 987 1660 1045 iutra·
1756 1003 1757 1056 j

324 1105 377 1147 sus
400 1090 449 1149 sit.
493 1089 583 1164 Quod
604 1097 728 1148 cavetur
750 1091 784 1162 6,
800 1090 839 1150 29
862 1093 898 1150 de
920 1090 1020 1149 IIviro
1042 1091 1133 1149 aedili
1154 1089 1304 1166 praefecto
1325 1089 1414 1148 ludos
1436 1090 1594 1148 scaenicos
1616 1089 1660 1148 ia·
1756 1077 1757 1092 ¹

322 1191 428 1265 ciente,
453 1210 633 1268 quamquam
656 1211 710 1269 per
731 1211 765 1252 se
786 1193 907 1252 minime
929 1205 1111 1270 suspectum,
1134 1211 1174 1251 ex
1196 1192 1340 1252 societate
1361 1198 1392 1249 et
1412 1191 1512 1270 ipsum
1536 1191 1659 1250 dubium

322 1293 365 1365 lit,
388 1313 455 1352 cum
477 1295 508 1354 in
534 1294 637 1354 tabula
658 1295 747 1354 tertia
768 1296 947 1372 ubicumque
968 1297 1163 1375 magistratus
1185 1295 1391 1368 nominantur,
1418 1295 1476 1352 tria
1496 1293 1552 1353 illa
1571 1313 1659 1354 voca·

322 1397 394 1456 bula
415 1398 581 1474 composita
602 1397 800 1458 inveniantur.

185 1511 306 1562 Praefec-
407 1500 573 1574 Praesecms
594 1501 709 1577 passim
732 1501 921 1580 subiungitur
942 1501 1099 1562 duumviro
1121 1499 1231 1578 (1,20.
1248 1499 1297 1560 28.
1315 1501 1364 1560 33.
1388 1499 1421 1573 2,
1438 1499 1554 1560 2030.
1578 1500 1612 1573 3,
1629 1499 1658 1558 3.

196 1593 236 1634 ‘⁰⁸
250 1602 297 1672 ΡΝ)
325 1602 360 1672 5,
376 1601 404 1660 2.
430 1602 457 1672 6,
474 1601 523 1660 tt.
540 1603 589 1662 29.
607 1603 656 1662 46.
680 1603 709 1674 7,
728 1602 775 1662 12.
791 1603 840 1663 30.
857 1602 906 1662 32.
923 1605 972 1664 38.
989 1605 1038 1663 39.
1055 1605 1105 1663 51.
1121 1601 1171 1661 52.
1195 1603 1224 1676 8,
1243 1603 1289 1661 13.
1308 1602 1358 1662 33.
1374 1602 1443 1679 39),
1465 1601 1553 1662 cuius
1575 1601 1660 1660 vices
1757 1662 1758 1680 ,

203 1661 288 1710 Hm
322 1703 393 1762 facit
414 1711 557 1782 perpetuo
580 1725 663 1764 more
685 1705 785 1766 solito.
821 1704 891 1764 Uno
912 1707 979 1764 loco
1002 1705 1065 1780 3,t
1089 1705 1141 1782 (cf.
1165 1705 1194 1777 5,
1210 1703 1243 1781 2)
1264 1723 1320 1783 pro
1343 1704 1478 1782 eoquod
1501 1711 1550 1763 est
1570 1711 1661 1763 antea
1757 1705 1758 1772 l

321 1807 404 1866 IIoir
421 1809 620 1884 praesentasse
642 1809 783 1866 scribitur
797 1808 877 1866 IIoir
898 1812 988 1886 quior¹
1000 1811 1060 1866 tari
1080 1809 1203 1866 dictando
1221 1811 1346 1885 preterit,
1367 1807 1564 1883 similiterque
1581 1807 1660 1866 acci·
1757 1803 1758 1806 ’

321 1909 463 1985 piendum
485 1910 635 1985 estquod
657 1909 767 1987 legitur
789 1911 818 1982 3,
840 1911 892 1969 13:
919 1929 954 1968 ne
975 1912 1040 1986 quis
1063 1910 1231 1968 Heirneoe
1252 1915 1317 1988 qais
1335 1929 1391 1988 pro
1410 1918 1550 1986 potestate
1571 1913 1603 1967 in
1625 1929 1662 1968 sa
1746 1906 1750 1914 '

321 2012 442 2070 colonia.
486 2011 539 2070 Bis
565 2012 619 2087 (I,
644 2011 692 2071 20.
717 2011 775 2088 28)
805 2013 924 2070 additur
951 2010 1135 2088 praefectum
1162 2011 1298 2089 intellegi
1325 2031 1392 2071 eum
1422 2030 1511 2088 quem
1534 2011 1614 2070 IIrir
1642 2031 1660 2069 e

320 2113 387 2190 lege
417 2114 506 2173 huius
539 2115 675 2174 coloniae
701 2115 870 2192 reliquerit,
903 2114 1078 2192 videturque
1105 2115 1195 2174 etiam
1222 2113 1293 2174 alibi
1319 2122 1465 2191 perpetuo
1493 2113 1658 2190 significari

321 2215 489 2290 praelectus
516 2215 605 2275 IIviri
637 2218 771 2277 absentis
803 2217 926 2276 aliterve
955 2216 1101 2293 impediti.
1150 2217 1341 2278 Praefectum
1369 2225 1469 2275 autem
1496 2217 1658 2293 interregis

320 2317 386 2376 loco
415 2317 488 2376 baec
518 2319 567 2378 lex
597 2319 713 2378 nullum
740 2320 891 2378 novit-
919 2319 950 2378 Is
972 2320 1022 2396 qui
1046 2320 1167 2380 armatis
1189 2339 1208 2377 a
1229 2319 1328 2378 IIviro
1353 2317 1523 2396 praeficitur
1549 2317 1603 2395 (5,
1620 2317 1659 2394 6)

321 2419 460 2478 diversus
492 2420 532 2479 sit
560 2439 579 2478 a
606 2422 758 2498 praelecto
785 2423 837 2498 qui
863 2422 985 2500 proprie
1010 2422 1054 2482 ita
1079 2422 1187 2481 dicitur
1213 2440 1337 2481 necesse
1363 2429 1419 2481 est.
1467 2419 1659 2479 Praefectum
1758 2433 1759 2436 ’

320 2522 409 2580 IIviri
435 2541 502 2581 cum
529 2523 711 2599 praelectum
737 2525 907 2602 relinquere
932 2542 1024 2600 posse
1049 2525 1101 2584 lex
1128 2522 1316 2600 Salpensana
1342 2541 1367 2581 o.
1389 2521 1428 2582 25
1455 2532 1558 2599 neget,
1584 2522 1660 2582 haec

320 2624 371 2683 lex
397 2625 467 2684 item
495 2626 638 2700 praelecti
665 2627 789 2686 armatis
816 2626 965 2704 deligendi
987 2628 1035 2686 ius
1059 2626 1115 2685 soli
1137 2625 1263 2685 duoviro
1285 2625 1448 2686 concedere
1469 2624 1602 2697 videtur,
1628 2625 1660 2682 id

321 2728 402 2804 quod
423 2727 569 2786 rationem
592 2729 703 2789 habere
725 2729 814 2808 periti
836 2748 896 2788 non
918 2729 1105 2806 ignorant1).

404 2830 533 2889 Inter-ras
561 2831 655 2890 semel
683 2833 711 2904 7,
732 2831 772 2891 50
800 2831 1000 2908 interponitur
1025 2833 1103 2892 inter
1128 2832 1258 2891 IIvirum
1284 2831 1545 2910 praefectumque3
1576 2831 1661 2906 quod

321 2941 400 2992 recte
427 2935 566 2991 convenit
592 2951 659 2992 cum
682 2935 719 2993 iis
741 2953 817 3010 quae
840 2935 928 2993 modo
951 2934 1083 2993 diximus
1106 2935 1143 2994 de
1166 2934 1317 3012 praelecto
1339 2933 1459 3004 relicto,
1486 2951 1544 2992 nec
1567 2953 1661 3011 prop·

321 3043 404 3094 terea
425 3035 505 3111 qnod
527 3035 601 3094 haee
622 3038 714 3096 verba
735 3057 795 3096 non
817 3035 960 3097 Caesaris
983 3045 1061 3108 aunt,
1085 3037 1138 3096 sed
1159 3035 1383 3114 interpolatoris
1405 3035 1448 3111 (v.
1471 3053 1499 3112 p.
1519 3034 1607 3112 121),
1629 3037 1661 3096 in

322 3137 535 3196 dubitationem
558 3137 723 3198 vocandum
751 3148 805 3200 est.
851 3139 935 3199 Alibi
962 3157 1081 3216 quoque
1106 3147 1194 3199 extra
1215 3139 1333 3211 urbem,
1363 3137 1434 3196 licet
1454 3156 1539 3211 raro,
1566 3139 1661 3198 inter·

321 3257 407 3316 reges
430 3240 557 3300 inveniri
579 3251 682 3300 notum
705 3240 800 3318 estl).

190 3350 297 3400 Patroni
407 3340 454 3400 De
476 3352 636 3419 patronatu
657 3345 850 3422 hospitioque
871 3345 918 3404 bis
939 3345 970 3403 in
992 3345 1058 3423 lege
1080 3346 1187 3422 egitur.
1225 3341 1321 3403 Ceret
1340 3363 1377 3402 ea
1397 3343 1525 3420 primum
1546 3343 1580 3402 in
1594 3343 1660 3402 nni·

180 3423 311 3548 ¹¹:332?ss
319 3463 439 3504 versum
461 3463 485 3503 c.
503 3444 635 3520 XCVII,
657 3461 690 3506 ut
711 3467 748 3505 ne
771 3457 889 3525 praeter
911 3455 1008 3507 certas
1031 3464 1176 3525 personas
1192 3457 1342 3522 'exceptas
1361 3454 1506 3524 patronus
1520 3445 1589 3522 quis
1606 3447 1661 3506 fiat

178 3515 194 3563 q
214 3574 274 3622 niae
319 3547 378 3607 nisi
405 3547 441 3605 de
468 3548 661 3608 decurionum
683 3549 820 3622 decreto,
847 3569 912 3608 cum
935 3569 995 3609 nou
1017 3551 1115 3610 minus
1137 3549 1164 3608 L
1186 3550 1328 3624 ederunt,
1355 3549 1462 3607 deinde
1482 3548 1658 3625 specialiter

319 3671 344 3710 c.
367 3648 497 3710 CXXX.
522 3648 677 3724 CXXXI,
704 3671 742 3710 ne
769 3653 837 3730 quis
865 3661 987 3712 senator
1012 3653 1116 3730 populi
1138 3652 1267 3712 Romani
1293 3652 1477 3711 senatorisue
1498 3649 1581 3709 lilius
1603 3671 1658 3728 pa·

319 3759 424 3812 tronus
446 3753 597 3829 hospesve
617 3753 671 3812 fiat
691 3755 751 3814 nisi
772 3765 803 3813 et
823 3756 957 3832 privatus
979 3756 1020 3814 sit
1041 3765 1071 3815 at
1091 3756 1122 3814 in
1144 3755 1235 3814 Italia
1255 3761 1341 3832 agat,
1367 3755 1438 3812 item
1459 3753 1656 3812 decurionum

319 3857 350 3916 in
378 3863 506 3933 patrono
533 3865 594 3915 tres
620 3865 737 3932 partes,
767 3857 797 3914 in
825 3857 944 3936 hospite
971 3857 1067 3918 maior
1093 3875 1164 3936 pars
1191 3857 1371 3918 adsentiant.
1414 3855 1521 3914 Poena
1541 3855 1656 3915 adscri-

318 3959 400 4017 bitur
427 3976 452 4018 6.
472 3955 594 4018 XCVII
616 3957 645 4016 V
665 3959 744 4030 mil,
775 3978 800 4018 c.
822 3956 944 4020 CXXX
971 3957 996 4020 C
1019 3961 1097 4034 mil,
1123 3981 1149 4020 c.
1169 3958 1307 4020 CXXXI
1332 3959 1364 4018 X
1383 3958 1445 4017 mil.
1473 3959 1654 4018 sestertium.

320 4058 429 4140 Capita
455 4062 530 4120 haec
562 4079 630 4120 cum
662 4061 759 4120 multa
790 4062 921 4121 habeant
955 4063 1043 4122 utilia
1075 4074 1105 4122 et
1136 4062 1235 4122 adhrm
1266 4080 1372 4139 parum
1403 4069 1488 4133 nota,
1521 4061 1655 4121 omnium

319 4164 450 4224 maxime
478 4163 535 4222 hoc
561 4164 751 4241 proficimus,
778 4165 858 4242 quod
883 4165 961 4224 inter
985 4173 1175 4244 patronatum
1204 4165 1340 4224 coloniae
1365 4171 1396 4222 et
1415 4163 1579 4241 hospitium
1600 4183 1655 4242 pn·

319 4265 429 4325 blisum
459 4265 660 4345 distinguitur.
706 4267 873 4327 Observovi
901 4267 998 4345 ego⁸)
1029 4267 1192 4346 aliquando
1220 4267 1257 4326 de
1283 4265 1415 4342 hospitio
1444 4265 1598 4326 disserens
1626 4274 1655 4326 et

318 4375 510 4446 patronatum
540 4369 616 4429 iuris
642 4369 753 4446 priuati
779 4388 958 4446 comparans
984 4389 1052 4430 cum
1079 4377 1240 4447 patronatu
1265 4369 1653 4446 coloniarummunicipIo·

318 4490 455 4550 rumque,
483 4471 561 4530 hunc
588 4491 627 4531 ex
654 4472 906 4532 contaminatione
928 4473 1058 4550 quadam
1079 4479 1258 4552 patronatus
1280 4473 1344 4532 veri
1368 4480 1397 4530 et
1417 4471 1543 4549 hospitii
1564 4473 1654 4550 origi-

318 4593 387 4632 nem
409 4574 540 4633 traxisse
562 4575 655 4633 etita
677 4573 814 4633 effectum
836 4593 918 4647 esse,
945 4583 994 4648 ut,
1016 4593 1082 4636 cum
1105 4595 1175 4635 vere
1195 4578 1340 4652 patronus
1361 4575 1405 4634 rei
1427 4574 1565 4651 publicae
1586 4593 1652 4634 essa

318 4695 378 4735 nou
400 4684 505 4753 posset
525 4677 585 4735 nisi
607 4695 684 4735 unus
707 4677 822 4754 origine
843 4685 873 4735 et
895 4677 1035 4756 deinceps
1057 4679 1169 4754 posteri
1192 4677 1266 4750 eius,
1289 4657 1404 4737 scilicet
1424 4677 1451 4738 is
1474 4678 1526 4754 qui
1549 4677 1650 4736 civita·

319 4788 378 4838 tem
400 4780 432 4836 in
454 4779 542 4837 fidem
564 4779 735 4854 recepisset,
758 4779 892 4857 hospites
915 4789 1013 4838 autem
1037 4787 1082 4838 tot
1102 4779 1167 4838 lieri
1181 4790 1308 4858 possent
1321 4789 1393 4857 quot
1406 4781 1538 4858 populus
1554 4779 1649 4850 vellet,

318 4881 375 4940 hoc
402 4881 491 4940 etiam
513 4881 551 4939 ad
572 4889 762 4959 patronatum
785 4881 1011 4955 transferretur3
1039 4884 1110 4942 item
1132 4890 1323 4960 patronatum
1345 4883 1384 4941 ab
1406 4883 1539 4962 hospitio
1561 4883 1648 4942 etiam

395 5229 418 5292 ¹)
448 5227 726 5292 stramentisque

394 5321 419 5386 ²)
446 5323 561 5374 tart.
580 5339 606 5387 p.
620 5323 683 5372 479.

394 5413 419 5480 ⁸)
446 5415 517 5466 Rom.
536 5411 644 5467 Ferret.
666 5417 690 5478 l,
706 5415 768 5467 334.
783 5414 844 5467 358.
860 5416 923 5467 371.
