3484 6006
364 641 438 710 354
806 659 1084 712 sustentaturum
1103 659 1187 710 von.
1203 660 1247 709 111

360 834 557 892 Pestiuensis.
600 834 736 910 Utraque
764 833 855 892 editio
883 854 950 893 cum
978 834 1067 893 simul
1089 833 1243 912 prodierit,
1275 833 1307 890 in
1329 831 1502 908 Hungarieu
1520 831 1669 908 posteriorc

356 947 490 1014 tempore
512 936 653 995 absoluta
676 935 820 1014 Corporis
844 937 982 995 uolumen
1004 937 1123 995 tertium
1158 945 1302 1013 perpetuo
1328 934 1490 993 adhibitum
1512 943 1572 1003 est3
1603 933 1671 1009 quod

356 1058 423 1096 cum
447 1043 478 1096 in
501 1036 622 1098 Gallica
643 1039 754 1099 sactum
776 1059 837 1099 uon
859 1051 955 1113 esset,
983 1038 1161 1114 Desjardins
1184 1037 1312 1096 Parisiis
1335 1037 1471 1114 syllogae
1493 1035 1572 1094 Illius
1592 1037 1671 1110 epito-

356 1159 423 1199 men
458 1141 552 1200 edidit
585 1144 640 1200 sub
673 1143 761 1200 titulo
783 1142 960 1201 Desiderato
992 1143 1032 1200 da
1057 1139 1358 1216 0.1.t.(r.111).
1401 1139 1445 1197 Le
1466 1140 1557 1197 tanede
1577 1140 1672 1214 ipipra

352 1243 462 1319 pirique
485 1246 519 1302 cle
540 1243 611 1304 Pest
635 1244 777 1320 (Parisiis
802 1245 881 1304 1874
914 1263 964 1322 pp.
989 1241 1042 1320 32)
1076 1251 1208 1321 aptatam
1241 1243 1278 1301 ad
1313 1240 1432 1320 Corpus
1463 1241 1672 1317 inscriptionum

355 1346 412 1418 ita,
447 1355 479 1403 ut
507 1346 605 1422 primo
634 1347 731 1422 capite
764 1347 1055 1424 comprehendantur
1087 1346 1166 1404 tituli
1199 1347 1230 1404 iu
1258 1343 1394 1422 Corpore
1427 1343 1535 1402 omissi
1565 1361 1672 1402 numero

354 1446 501 1520 LXXVI,
523 1448 616 1506 altero
640 1449 719 1508 tituli
741 1469 801 1508 nou
823 1459 902 1508 recte
924 1449 967 1508 ibi
988 1449 1073 1507 relati
1094 1465 1218 1506 numero
1233 1446 1302 1519 LII,
1326 1447 1414 1505 tertio
1435 1446 1572 1504 lectionis
1594 1445 1672 1502 direr-

355 1568 422 1622 sae,
445 1549 497 1608 sed
519 1551 627 1609 dubiae
654 1569 778 1609 numero
800 1551 957 1624 XXXVI,
985 1559 1091 1628 quarto
1118 1550 1196 1608 tituli
1222 1549 1318 1608 musei
1347 1549 1377 1606 iu
1407 1546 1541 1625 Corpore
1568 1547 1671 1623 quidem

355 1673 453 1729 neque
475 1663 573 1712 tamen
595 1653 674 1730 apud
701 1653 928 1728 Desjerdinium
951 1652 1039 1712 relati
1066 1672 1189 1711 numero
1211 1651 1315 1710 XXX.
1359 1651 1457 1722 Aiaci,
1479 1649 1673 1726 Desjsrdinius

355 1755 406 1824 ait,
429 1774 480 1814 eur
500 1753 560 1812 336
581 1765 755 1814 tnonnrnents
782 1759 833 1832 qni
859 1763 1020 1832 component
1047 1757 1078 1814 le
1106 1755 1251 1813 collection
1277 1753 1485 1830 lpiprapbique
1505 1757 1627 1812 rmnuine
1644 1754 1672 1808 du

354 1857 454 1916 Marde
475 1857 607 1915 notionol
629 1859 663 1916 ele
681 1857 749 1918 Pest
762 1891 802 1900 -—-
819 1867 844 1916 et
865 1861 916 1934 qni
937 1859 980 1932 s'p
1003 1861 1161 1915 troncaient
1183 1866 1245 1915 tons
1267 1857 1365 1914 retnis
1387 1875 1427 1913 aa
1448 1860 1522 1914 mois
1545 1858 1579 1914 de
1593 1855 1672 1929 juillet

352 1960 436 2029 1871,
457 1961 657 2020 c'eet-d-tlire
679 1962 752 2018 clena
772 1978 826 2019 ons
848 1970 938 2019 avant
959 1959 988 2017 la
1007 1960 1185 2035 publication
1208 1960 1247 2017 cla
1267 1957 1359 2015 fflme
1384 1959 1496 2017 nolente
1515 1959 1554 2016 dn
1574 1956 1671 2032 Corpus

354 2063 389 2118 de
410 2061 523 2132 Berlin,
558 2073 585 2120 et
616 2061 686 2139 qn'r'l
718 2064 787 2120 ituit
812 2063 913 2138 facile,
948 2082 981 2120 en
1003 2064 1199 2138 consequence,
1233 2059 1372 2135 d'ojoater
1394 2079 1454 2118 ane
1476 2059 1617 2120 Addentlo
1634 2063 1673 2136 qui
1719 2099 1720 2132 p

353 2167 500 2222 terminent
520 2164 551 2221 la
573 2167 690 2223 seconde
707 2169 804 2242 partie
825 2166 859 2222 de
884 2183 914 2222 ce
934 2167 1044 2223 uolente
1059 2197 1097 2206 —
1114 2165 1138 2222 il
1157 2185 1176 2240 p
1198 2183 1232 2222 en
1253 2163 1366 2234 «1164,
1401 2162 1581 2222 e’est-d-dire
1606 2181 1671 2238 prer-
1719 2161 1720 2224 ἶ

352 2285 405 2342 qne
428 2266 458 2323 la
478 2267 581 2339 moitie',
609 2271 658 2342 qui
681 2263 729 2326 ont
750 2269 792 2325 e'td
812 2272 881 2326 ernis
904 2285 939 2325 on
960 2267 1019 2325 incl
1041 2269 1095 2326 ins.
1139 2266 1227 2324 Hanc
1253 2265 1480 2325 accusationem
1513 2266 1592 2343 quod
1612 2265 1652 2322 res
1665 2297 1671 2306 -
1719 2335 1720 2344 ἵ

351 2368 473 2426 tendam
507 2387 574 2427 esse
607 2369 696 2443 duxi,
726 2370 839 2428 facturn
872 2379 920 2428 est
951 2389 1047 2446 neque
1076 2377 1198 2447 propter
1234 2369 1390 2428 criminum
1424 2370 1560 2446 speciem
1594 2385 1671 2442 neque
1719 2415 1720 2430 ζ

350 2483 474 2549 propter
495 2473 678 2531 accusatoris
700 2473 895 2550 gravitatem
919 2471 971 2530 sed
993 2491 1070 2549 quae
1104 2473 1239 2549 priuatus
1260 2479 1339 2530 reete
1361 2472 1483 2531 silentio
1506 2471 1671 2534 transmittit
1719 2483 1720 2556 j

351 2573 425 2633 mihi
446 2573 566 2650 publice
583 2567 650 2632 ¹hae
672 2593 745 2633 cura
766 2575 900 2653 fungenti
922 2595 982 2633 non
1004 2575 1101 2633 visum
1124 2584 1171 2634 est
1193 2593 1334 2652 spernere
1355 2575 1456 2634 licere.
1504 2573 1611 2632 Dicam
1629 2570 1671 2646 igi·

351 2685 408 2748 tur,
431 2675 511 2752 quod
534 2696 637 2734 verum
659 2689 716 2748 est,
739 2677 867 2736 breviter
889 2687 988 2735 tamen
1010 2687 1040 2735 et
1060 2685 1192 2736 coaetus.
1719 2681 1720 2688 ’

393 2779 441 2837 De
463 2797 588 2838 numero
609 2779 662 2837 illo
683 2779 912 2856 inscriptionum
935 2779 1112 2838 emissarum
1140 2787 1387 2856 corruptarumve
1408 2780 1543 2858 primurn
1565 2777 1672 2838 deduce·

350 2900 417 2940 mus
445 2883 513 2957 ipso
541 2881 734 2956 Desjardinio
763 2893 884 2940 auctore
911 2881 1029 2940 tertium
1057 2891 1147 2960 caput
1172 2882 1401 2958 inscriptionum
1433 2881 1592 2954 XXXVI;
1617 2899 1671 2938 nun

350 3001 427 3059 quas
450 3002 506 3043 suo
529 2984 596 3042 loeo
619 2985 724 3043 dubiae
746 2985 883 3044 lectionis
905 3002 973 3043 esse
1002 2986 1158 3061 profitetur
1179 2986 1268 3043 homo
1291 3003 1411 3043 suarum
1434 2985 1590 3044 visionum
1610 2993 1671 3041 certe

350 3087 512 3146 benevolus
534 3086 671 3164 iudex¹)‚
694 3106 760 3146 cum
783 3089 814 3146 in
829 3087 1014 3164 praefatione
1037 3097 1172 3146 numeret
1192 3089 1270 3146 inter
1283 3089 1362 3147 male
1384 3088 1478 3146 lectas
1505 3107 1524 3145 a
1538 3107 1595 3160 me,
1615 3083 1669 3161 quid

350 3189 431 3246 aliud
459 3189 676 3248 demonstravit
708 3209 798 3266 quem
830 3191 969 3249 fiduciam
1003 3191 1293 3268 impudentissimam
1329 3207 1362 3248 se
1393 3191 1509 3248 habere
1541 3195 1573 3249 iu
1603 3184 1669 3246 breti

349 3290 513 3368 legentium
535 3293 680 3351 memoria
702 3294 864 3369 repositam
888 3311 1090 3370 magnumque
1112 3311 1145 3352 se
1168 3311 1235 3352 esse
1257 3295 1288 3351 in
1313 3301 1377 3352 arte
1399 3311 1473 3352 saue
1494 3293 1565 3351 utili
1586 3307 1670 3350 nume

350 3377 450 3452 rorum
465 3396 620 3454 commode
642 3395 897 3454 ordinandorum?
921 3395 980 3456 Sed
1003 3397 1059 3454 hoc
1081 3397 1147 3454 leve
1170 3403 1225 3454 est.

392 3496 427 3553 In
451 3497 579 3572 primam
602 3498 728 3556 classem
753 3498 951 3574 (inscriptions
974 3502 1073 3557 emises
1095 3501 1169 3556 dans
1194 3499 1218 3556 le
1235 3498 1360 3574 Corpus)
1384 3517 1451 3556 oum
1472 3497 1621 3556 rettulerit
1638 3495 1669 3551 in·

350 3599 529 3673 scriptiones
561 3619 684 3658 numero
706 3599 855 3672 LXXVI,
888 3601 994 3658 harum
1027 3601 1124 3659 maior
1145 3618 1225 3676 pars,
1254 3619 1361 3676 nempe
1382 3598 1441 3658 XL
1464 3600 1585 3679 tegulae
1607 3604 1668 3662 sunt

348 3703 493 3779 pondera,
516 3703 682 3778 signacula,
705 3702 844 3778 patellae.
888 3702 1052 3761 Videamus
1076 3704 1204 3778 primum
1227 3704 1263 3761 de
1293 3701 1398 3774 titulis,
1431 3719 1510 3778 qnos
1545 3719 1600 3760 nos
1629 3717 1667 3754 nu·
1719 3755 1720 3758 ,

348 3805 439 3862 meris
455 3805 600 3882 augendis
616 3809 715 3862 minus
737 3804 843 3864 intenti
866 3805 950 3864 solos
966 3823 1005 3864 ex
1027 3805 1131 3863 ordine
1146 3805 1378 3864 numeravimus.
1422 3802 1504 3864 Sunt
1525 3806 1546 3863 ii
1562 3818 1667 3862 numero
1719 3789 1720 3800 ἶ

347 3907 495 3964 XXXVI.

390 4008 440 4064 Ex
461 4008 508 4065 his
532 4007 626 4065 titulis
649 4027 702 4066 sex
735 4017 765 4066 et
798 4010 920 4086 triginta
953 4011 1041 4068 tertia
1063 4027 1149 4086 pars,
1183 4010 1297 4068 scilicet
1329 4009 1406 4067 tituli
1435 4009 1593 4068 duodecim
1613 4021 1667 4063 uere

349 4109 457 4169 adsunt
477 4109 509 4167 in
532 4107 716 4186 corporei),
749 4111 828 4187 quod
858 4131 924 4170 cum
953 4113 990 4171 de
1016 4111 1133 4170 duobus
1157 4111 1201 4187 (n.
1218 4113 1267 4170 38.
1293 4111 1366 4187 198)
1393 4112 1459 4188 ipse
1486 4111 1666 4192 palemlcou·

426 4501 449 4564 ¹)
488 4503 571 4553 Immo
599 4505 686 4554 insunt
712 4505 798 4569 plures
826 4507 901 4567 tituli,
930 4506 973 4555 ubi
1003 4519 1117 4555 errorem
1136 4505 1192 4570 ipse
1211 4505 1354 4554 confltetur.
1392 4504 1513 4568 Exempli
1541 4515 1615 4552 eausa
1638 4495 1665 4545 td
1719 4515 1720 4534 ¹

347 4611 372 4644 n.
394 4595 578 4646 209=4149
604 4597 640 4646 sic
660 4597 779 4647 adnotat:
817 4587 1200 4666 ‘Carpnsl.ti:cmsp1rffi,
1238 4593 1313 4645 Noua
1333 4611 1413 4646 nuans
1432 4595 1471 4657 la,
1492 4593 1509 4644 ὰ
1527 4601 1589 4654 tort,
1616 4604 1666 4646 cut·
1719 4657 1720 4662 ¹

347 4683 461 4750 SPINAss
483 4703 530 4738 nec
549 4687 654 4738 uerbum
674 4689 792 4753 amplius.
830 4689 999 4740 Nihilosetius
1024 4690 1066 4738 hic
1094 4698 1243 4739 numeratur
1266 4689 1334 4740 iuter
1361 4687 1450 4738 titulos
1470 4687 1579 4738 CLXIV
1602 4693 1666 4732 ami

348 4781 541 4844 praetermissos
561 4782 601 4830 vel
620 4783 806 4846 pessumdatos.

422 4869 447 4934 2)
485 4872 520 4922 D.
542 4875 576 4924 20
601 4874 662 4934 (cito
688 4891 808 4924 numeros
833 4875 952 4924 editionis
975 4876 1082 4925 maioris
1108 4871 1279 4940 Pestinenois)
1294 4895 1327 4916 =
1342 4875 1372 4925 C.
1393 4875 1474 4925 4129.
1501 4865 1665 4924 3353507-

347 4963 534 5016 81:3675.
564 4965 599 5016 93
620 4987 652 5008 =
673 4967 755 5018 6467.
787 4967 837 5017 105
859 4987 892 5008 =
913 4969 992 5018 3715.
1025 4967 1220 5018 135=419a
1255 4967 1450 5018 172=4184.
1481 4959 1664 5015 198=337t

346 5059 398 5106 201
425 5066 450 5106 et
475 5058 527 5108 232
554 5059 630 5124 (quae
654 5061 798 5126 fragmenta
821 5061 1000 5124 coniungenda
1023 5075 1079 5110 esse
1103 5061 1185 5110 musei
1211 5060 1294 5110 editor
1318 5075 1370 5110 non
1393 5057 1527 5119 intellexit)
1541 5073 1573 5096 =
1589 5047 1662 5101 3333.

345 5147 399 5200 230
413 5169 447 5191 =
463 5151 543 5201 3681.
564 5153 616 5202 235
632 5173 665 5194 --
681 5155 761 5205 4215.
800 5153 876 5202 Hunc
900 5152 1002 5202 titulum
1022 5153 1115 5202 deiude
1134 5151 1215 5202 refert
1232 5155 1260 5202 in
1283 5153 1374 5202 ordine
1394 5159 1485 5217 quarto
1503 5151 1565 5199 inter
1583 5142 1663 5192 drutus

344 5243 417 5304 mihi,
438 5243 557 5294 nonsibi
576 5246 604 5294 in
623 5261 711 5296 museo
732 5247 808 5307 visos,
828 5253 890 5310 puto
911 5258 942 5296 ne
967 5245 1159 5297 insimularetur
1183 5245 1290 5296 maioris
1309 5245 1456 5310 diligentias
1479 5242 1504 5292 iu
1528 5237 1576 5289 suit
1594 5232 1661 5283 libris

345 5334 475 5386 adhibitae
494 5351 571 5402 quem
590 5347 703 5402 praestet
721 5339 748 5389 in
768 5338 868 5388 alicnis.
1719 5323 1720 5326 ¹
