3504 6004
339 558 412 628 276
897 567 1103 620 wmmuus

422 749 644 808 Monumentum
670 747 845 822 inscriptum
872 753 983 802 senatus
1011 742 1168 802 consultum
1195 743 1230 800 ds
1255 743 1388 798 nundinia
1415 737 1507 797 saltata
1532 734 1681 808 Beguen-

339 857 379 912 sis
407 855 438 910 in
465 853 605 910 territorio
632 849 751 908 Cossaei
782 866 814 905 re
843 866 914 906 vera
945 865 1005 904 non
1038 853 1099 904 tam
1130 845 1301 920 exemplum
1334 851 1380 901 est
1412 837 1683 902 senatusconsulti

340 973 429 1030 quarn
451 953 530 1013 illius
552 951 691 1028 exempli,
714 949 796 1026 quod
816 949 915 1010 Roma
935 949 966 1006 in
989 948 1123 1006 Africam
1145 947 1304 1024 adipsum
1326 955 1358 1004 ut
1380 947 1498 1005 videtur
1516 943 1683 1002 Lucilium

341 1056 519 1116 Africanum
546 1056 670 1114 missum
700 1061 745 1111 cst
770 1061 800 1110 et
826 1061 858 1110 ut
883 1051 1033 1128 publicam
1058 1050 1146 1108 fidem
1168 1049 1291 1108 baberet
1312 1049 1355 1106 ita
1375 1051 1520 1126 scriptum
1542 1049 1683 1125 ligatum

342 1158 452 1235 sigillis
480 1157 614 1215 clausum
642 1155 749 1226 iuerat,
782 1162 815 1211 ut
836 1155 1033 1212 iustrumenta
1061 1151 1141 1228 apud
1164 1151 1315 1210 Romanos
1338 1152 1428 1210 scribi
1450 1151 1539 1228 ligari
1566 1150 1685 1228 sigillis

341 1260 439 1320 claudi
459 1259 606 1318 solebant.
649 1257 722 1315 Ideo
744 1257 830 1315 initio
851 1255 1000 1314 indicatur
1024 1255 1100 1313 unde
1120 1254 1346 1329 transscriptum
1374 1256 1414 1313 sit
1435 1261 1466 1312 et
1487 1254 1519 1312 in
1540 1254 1609 1311 tine
1633 1253 1685 1310 ad-

343 1363 405 1421 dita
426 1363 615 1440 reperiuntur
636 1359 819 1437 signatorum
839 1358 946 1417 civium
970 1357 1173 1416 Romanorum
1196 1357 1317 1416 nomina
1338 1363 1462 1432 septem,
1495 1356 1574 1415 olim
1599 1355 1685 1432 sigil-

343 1465 381 1524 lis
404 1465 497 1523 cereis
519 1465 548 1520 in
571 1463 719 1522 exteriore
741 1471 825 1537 parte
847 1443 980 1536 diptycbi
1002 1459 1150 1534 adposita.

427 1568 527 1644 Atque
554 1573 586 1623 ut
613 1565 649 1622 de
676 1573 810 1641 tempore
835 1563 963 1640 primum
985 1562 1149 1633 videamus,
1182 1561 1319 1620 consules
1343 1561 1487 1622 ordinarii
1513 1562 1583 1620 noti
1614 1573 1685 1619 sunt

348 1669 417 1728 anni
442 1669 499 1728 138
522 1665 621 1745 p.·0.,
654 1666 780 1743 primum
807 1671 907 1723 tamen
936 1665 992 1723 boc
1019 1665 1085 1722 loco
1117 1663 1207 1740 pleno
1240 1664 1359 1722 nomine
1385 1664 1583 1740 appellantur
1615 1683 1683 1721 cnm

346 1753 501 1848 praeterea
529 1779 560 1828 et
585 1768 664 1844 apud
691 1777 825 1826 auctores
855 1777 884 1824 et
911 1767 943 1824 in
969 1766 1064 1825 titulis
1091 1767 1268 1842 cognomina
1295 1775 1410 1824 tantum
1439 1765 1626 1825 Camerinus
1655 1774 1684 1823 et

345 1873 441 1951 Niger
462 1873 660 1948 reperiantur:
693 1867 840 1928 refellitur
860 1869 952 1945 igitur
973 1869 1172 1946 antiquiorum
1194 1869 1365 1928 coniectura
1386 1869 1436 1946 qui
1459 1869 1591 1927 alterum
1617 1867 1684 1926 Sul·
1730 1881 1731 1886 ’

346 1977 443 2054 piciae
465 1975 590 2034 alterum
607 1971 763 2047 Quinctiae
786 1972 866 2048 genti
889 1971 1039 2030 consulem
1063 1971 1237 2031 tribuerunt.
1282 1968 1343 2030 Sed
1364 1989 1545 2047 quamquam
1571 1989 1681 2030 consu-
1730 2017 1731 2020 ,

346 2080 409 2139 latu
431 2076 725 2137 senatusconsultum
748 2074 868 2134 secundi
892 2073 1005 2133 saeculi
1027 2091 1094 2132 esse
1115 2073 1272 2146 indicatur,
1305 2075 1443 2149 equidem
1466 2073 1573 2132 titulos
1598 2073 1682 2150 ipsos
1730 2085 1731 2092 ¹

347 2181 431 2240 nullo
453 2189 540 2258 pacto
561 2179 666 2238 eodem
687 2186 821 2253 tempore
843 2187 985 2236 exaratos
1012 2193 1078 2236 esse
1100 2177 1209 2248 iudico,
1239 2177 1288 2234 cui
1309 2197 1346 2236 ne
1372 2177 1462 2234 unius
1484 2176 1612 2251 quidem
1634 2175 1681 2232 lit·
1730 2189 1731 2256 ᾗ

348 2291 430 2342 teras
449 2282 546 2340 torma
568 2281 642 2339 satis
665 2284 810 2338 convenit.
863 2277 940 2339 Sunt
961 2280 1039 2337 enim
1061 2287 1164 2338 tenues
1187 2287 1215 2338 et
1235 2280 1418 2355 inaequales,
1451 2280 1502 2338 hio
1522 2279 1591 2338 illic
1614 2297 1681 2336 cau·
1730 2301 1731 2310 ι

351 2385 399 2444 dis
421 2395 550 2456 ornatae,
583 2382 706 2442 omnino
728 2381 793 2442 eius
815 2383 929 2440 formae
956 2382 1040 2440 cuius
1067 2399 1135 2440 esse
1163 2381 1261 2440 solent
1286 2383 1317 2440 in
1339 2381 1589 2459 inscriptionibus
1613 2390 1680 2456 post
1730 2403 1731 2450 ς

352 2486 533 2547 Diocletiani
554 2493 692 2562 tempora
713 2485 761 2544 vel
782 2492 859 2544 certe
879 2493 949 2561 post
971 2485 1100 2543 medium
1122 2485 1273 2543 saeculum
1296 2485 1415 2543 tertium
1440 2483 1561 2543 incisis:
1597 2501 1680 2560 prae·
1730 2511 1731 2566 3

353 2589 440 2668 cipue
461 2588 625 2648 formarum

802 2719 933 2814 leEid
980 2742 1034 2800 pro
1079 2721 1221 2786 CLREM

353 2910 464 2969 frustra
490 2906 596 2984 opinor
623 2906 762 2984 exempla
789 2907 899 2966 saeculi
928 2907 1049 2966 secundi
1075 2915 1264 2983 quaerentur.
1320 2907 1449 2970 Saeculo
1476 2908 1569 2986 igitur
1593 2907 1677 2966 tertio

354 3021 482 3071 exeunte
508 3009 648 3086 exempla
676 3009 927 3067 senatusconsulti
955 3017 1005 3067 aut
1031 3017 1175 3069 renovata
1206 3011 1344 3070 videntur
1375 3028 1442 3070 esse
1474 3019 1526 3070 aut
1559 3011 1676 3069 omnino

354 3115 483 3192 primum
504 3111 624 3188 publice
646 3111 808 3186 proposita.
864 3109 962 3184 Quam
984 3119 1120 3171 accurate
1149 3122 1247 3171 autem
1276 3113 1485 3189 quadratarius
1507 3113 1675 3188 exemplum

355 3215 510 3290 antiquum
531 3213 716 3288 expresserit
737 3213 950 3291 orthographia
971 3233 1119 3290 nusquam
1140 3227 1282 3292 corrupta
1299 3217 1445 3286 ostendit3
1468 3217 1541 3292 quin
1557 3217 1590 3276 in
1604 3233 1676 3274 com·

342 3315 473 3394 ¹pendiis
498 3316 664 3393 scripturae
687 3315 719 3374 in
740 3315 877 3374 kalendis
898 3316 1064 3376 indicandis
1086 3325 1233 3377 vetustum
1258 3337 1342 3377 usum
1364 3319 1516 3394 sequitur,
1543 3337 1610 3378 cum
1637 3319 1674 3392 ip·

358 3419 421 3479 sius
444 3425 541 3478 aetate
563 3435 680 3494 semper
702 3434 758 3476 aaa
780 3418 959 3477 scriberetur
980 3438 1036 3496 pro
1059 3437 1076 3477 ιι
1104 3421 1168 3480 aevi
1190 3420 1333 3492 melioris,
1365 3439 1421 3479 neo
1442 3422 1501 3480 nisi
1522 3422 1554 3480 in
1577 3437 1674 3480 consu-

356 3523 420 3581 latu
442 3520 577 3598 peccavit
597 3520 649 3578 ubi
671 3533 731 3579 cos
746 3521 777 3578 iu
790 3536 864 3581 coss
886 3522 1022 3594 mutavit,
1045 3522 1124 3599 quod
1147 3533 1216 3581 ante
1238 3523 1389 3592 saeculum
1411 3525 1530 3582 tertium
1552 3523 1671 3583 medium

359 3642 419 3682 non
441 3622 598 3682 invenitur.

443 3722 591 3786 Consules
614 3724 730 3784 suffecti
751 3726 813 3784 noti
836 3733 915 3784 sunt.
957 3727 1043 3785 Alter
1064 3727 1097 3785 P.
1125 3725 1244 3786 Cassius
1268 3727 1415 3788 Secundus
1437 3735 1673 3788 commemoratur

359 3828 390 3886 in
413 3826 499 3886 titulo
521 3823 792 3904 Lambaesitaao¹)
814 3827 985 3906 imperatori
1002 3827 1156 3888 Hadriano
1178 3849 1197 3888 a
1217 3831 1362 3890 militibus
1386 3831 1533 3908 stipendia
1554 3831 1672 3891 emeritis

361 3931 470 4000 dicato,
502 3928 533 3986 in
560 3945 619 4003 quo
646 3928 754 3988 dicitur
779 3931 895 4008 legatus
922 3933 1051 4010 Augusti
1075 3951 1130 4008 pro
1156 3941 1307 4010 praetore,
1341 3933 1455 3992 scilicet
1481 3934 1606 4012 legionis
1631 3929 1671 3988 lll

361 4033 516 4110 Augustae
538 4031 569 4088 in
584 4029 727 4090 Numidia
747 4041 848 4092 castra
868 4033 1019 4107 habentis;
1042 4053 1081 4092 ex
1096 4053 1157 4110 qua
1174 4035 1321 4110 legatione
1343 4054 1410 4093 cum
1433 4038 1534 4095 statim
1556 4037 1593 4094 ad
1613 4051 1671 4094 cou-

363 4134 493 4194 sulatum
520 4133 644 4210 provehi
672 4134 752 4193 soliti
781 4137 854 4210 sint,
888 4134 1043 4196 Secundus
1071 4157 1106 4196 ea
1132 4138 1289 4212 postremis
1321 4138 1511 4214 imperatoris
1538 4132 1669 4196 Hadriani

362 4236 448 4296 annis
470 4235 588 4294 functus
610 4234 825 4297 videturesse.
868 4238 1000 4298 Alterius
1023 4240 1073 4316 qui
1094 4240 1180 4298 initio
1202 4249 1322 4298 senatus
1345 4241 1476 4299 consulti
1498 4249 1627 4300 vocatur:

445 4337 480 4396 P.
508 4337 650 4413 Delpbius
676 4337 847 4415 Pereprioua
880 4341 981 4400 Ateius
1018 4342 1155 4400 Aieaaies
1188 4343 1334 4400 Maximus
1364 4341 1481 4403 Curtius
1514 4344 1668 4404 Valerianus

364 4441 506 4500 Roscius
527 4437 570 4498 M.
593 4439 707 4500 Nonius
729 4441 892 4517 Muciorum,
927 4444 957 4502 in
978 4445 1037 4504 fine
1059 4444 1233 4522 simpliciter
1254 4445 1298 4503 M.
1320 4445 1434 4504 Nonius
1457 4447 1608 4505 Mucianus
1627 4459 1668 4499 no-

363 4545 463 4604 vimus
489 4539 609 4600 titulum
637 4549 705 4600 ante
732 4544 919 4605 consulatum
941 4548 969 4605 ei
990 4566 1009 4606 a
1029 4547 1253 4606 Veronensibus
1275 4546 1482 4624 dedicatumi)
1509 4549 1537 4606 in
1559 4565 1615 4624 quo
1633 4539 1667 4600 li.

366 4646 478 4706 Nonius
508 4643 552 4701 M.
574 4645 602 4718 s.
625 4643 694 4702 Pob.
717 4645 872 4706 Mucianus
895 4648 927 4707 P.
950 4649 1093 4725 Delphica
1119 4650 1292 4724 Peregrinus
1319 4651 1489 4728 appellatur
1521 4659 1549 4708 et
1579 4645 1667 4709 deinde

365 4750 495 4808 honores
523 4747 561 4805 ab
588 4764 623 4805 eo
650 4749 727 4824 gesti
753 4749 942 4812 exhibentur:
975 4753 1007 4811 in
1034 4761 1226 4812 monumento
1254 4771 1290 4811 eo
1320 4752 1356 4812 de
1383 4772 1443 4830 quo
1471 4754 1599 4832 agimus,
1627 4746 1666 4806 ubi

367 4933 569 4946 m·

445 5063 469 5125 ¹)
496 5058 599 5120 Renier,
619 5057 725 5111 Recueil
743 5077 768 5113 n.
791 5066 814 5114 l.
