3520 6006
543 641 616 690 unx
635 640 717 690 con.
737 637 965 690 cuuu'nvnn.
1346 619 1416 690 125

166 811 281 873 CXXX
327 815 356 887 7,
374 813 502 874 39-51
600 812 729 874 Senator
749 813 853 890 populi
875 811 1004 871 Romani
1026 814 1145 888 quando
1166 821 1312 892 petronus
1327 816 1420 891 adop·

652 917 708 975 tari
730 917 829 992 possit
1171 937 1200 994 p.
1220 917 1286 976 145.
1307 917 1363 976 146
1373 935 1417 995 sq.

150 1017 283 1078 CXXXI
327 1021 358 1091 7,
374 1019 499 1092 52-8,
518 1021 554 1080 13
604 1018 732 1080 Senator
753 1017 854 1096 populi
868 1018 996 1078 Romani
1019 1019 1138 1095 quando
1156 1020 1267 1096 hospes
1282 1021 1419 1098 adoptari

653 1122 752 1198 possit
808 1125 816 1140 '
1171 1122 1418 1200 p.145.146sq.

142 1221 280 1286 CXXXII
325 1225 355 1298 8,
373 1225 501 1285 14-33
601 1223 719 1282 Petitor
743 1223 918 1301 largitiones
940 1243 977 1282 ne
999 1224 1089 1282 faciat
1111 1243 1185 1284 neve
1207 1225 1344 1284 convivia
1365 1245 1419 1302 pu·

321 1332 324 1338 '
651 1326 731 1385 blica
750 1325 801 1384 det
1255 1347 1285 1405 p.
1305 1327 1417 1406 139sq.

126 1428 283 1490 CXXXIII
327 1430 356 1501 8,
372 1431 500 1490 34-38
599 1429 741 1488 Mulieres
764 1429 936 1487 colonorum
959 1430 1094 1488 coloniae
1113 1429 1229 1507 legibus
1247 1438 1280 1488 ut
1293 1440 1419 1508 pareant

1311 1552 1340 1608 p.
1359 1531 1417 1592 126

130 1634 280 1696 CXXXIV
325 1637 356 1708 8,
371 1635 502 1696 39-47
516 1679 523 1694 .
537 1679 566 1695 ..
599 1635 785 1695 Decuriones
808 1635 845 1692 ab
868 1633 995 1694 decretis
1016 1636 1259 1694 remuneratoriis
1281 1635 1419 1694 ambitio-

651 1739 694 1798 εἰε
717 1747 749 1797 ut
770 1738 939 1796 abstineant
1225 1757 1253 1814 p.
1273 1738 1340 1798 138.
1360 1739 1417 1798 145

179 2437 307 2498 Colonos
330 2439 445 2499 divisos
467 2456 534 2498 esse
556 2439 586 2496 in
610 2438 704 2498 tribus
726 2437 794 2496 inde
815 2436 951 2508 efficitur,
973 2437 1052 2514 quod
1074 2437 1264 2512 magistratus
1279 2445 1416 2496 creantur
1445 2439 1547 2490 Coloni.

108 2561 153 2616 pro
172 2543 241 2600 tribu
261 2541 306 2618 (4,
320 2541 383 2618 18).
416 2541 478 2600 Eas
493 2541 587 2600 tribus
604 2559 664 2598 non
679 2541 771 2600 fuisse
785 2541 889 2617 populi
903 2539 1042 2611 Romani,
1065 2539 1117 2598 sed
1132 2539 1269 2615 proprias
1285 2539 1420 2599 coloniae
1451 2538 1546 2588 Tribus

112 2645 184 2702 buius
204 2645 249 2703 vel
271 2645 341 2702 inde
362 2644 555 2722 intellegitur,
577 2643 658 2720 quod
676 2641 818 2702 Caesaris
841 2649 938 2700 aetate
962 2643 1010 2700 uni
1033 2641 1090 2700 soli
1112 2661 1151 2700 ex
1173 2639 1276 2718 populi
1291 2641 1420 2700 Romani

112 2748 228 2806 tribubus
252 2755 283 2805 ut
303 2747 484 2824 reliquarum
507 2746 692 2804 coloniarum
707 2744 993 2821 municipiorumque
1008 2743 1052 2802 ita
1066 2744 1154 2802 etiam
1170 2743 1305 2802 coloniae
1320 2741 1419 2803 Gene-

111 2850 174 2907 tisae
198 2851 276 2908 circs
304 2849 473 2924 adscriptos
500 2847 593 2906 luisse
620 2859 731 2906 certum
755 2857 800 2905 est
822 2855 851 2904 et
872 2846 1070 2922 exploratum.
1114 2845 1188 2904 Post
1209 2855 1327 2922 reperta
1348 2864 1421 2904 aera

113 2951 320 3027 municipiorum
342 2949 444 3008 Latini
470 2950 543 3008 iuris
566 2951 700 3010 Malacae
727 2959 756 3007 et
778 2947 942 3024 Salpeneae
970 2948 1136 3007 communis
1163 2949 1266 3024 opinio
1292 2949 1421 3007 obtinuit

111 3071 148 3111 res
172 3053 301 3112 dublicas
329 3055 444 3111 formae
466 3053 618 3112 Romanae
645 3070 748 3112 omnes
775 3051 950 3110 distributas
977 3051 1070 3109 luisse
1097 3051 1247 3122 curiatim3
1278 3069 1314 3107 ea
1341 3052 1420 3118 enIrn

110 3156 238 3214 ordinatio
266 3165 296 3214 et
321 3157 351 3214 in
379 3155 440 3214 illis
466 3155 637 3214 introducta
663 3165 710 3213 est
736 3162 767 3212 et
792 3154 863 3213 alibi
892 3153 1004 3230 passim
1025 3153 1211 3224 observatur,
1238 3153 1367 3211 maxime
1390 3154 1421 3211 in

110 3258 196 3316 Africa
221 3265 263 3330 (v.
287 3257 462 3333 Marquardt
484 3256 757 3333 Sraaesvooataoq
782 3257 809 3326 1,
830 3255 913 3331 467).
957 3255 1021 3314 Iam
1049 3273 1120 3313 vero
1146 3273 1212 3312 curn
1240 3255 1342 3332 negari
1369 3273 1420 3312 ne·

110 3369 185 3434 queat
204 3361 350 3420 coloniam
373 3361 450 3418 banc
476 3379 495 3418 a
514 3357 645 3420 Caesare
666 3359 811 3418 dictatore
833 3378 897 3417 curn
921 3377 987 3416 eam
1009 3357 1167 3416 deduceret
1187 3357 1320 3416 tributim
1342 3357 1420 3416 ordi·

109 3469 194 3520 natam
213 3481 289 3534 esse,
312 3462 513 3537 accedantque
534 3463 614 3521 tituli
636 3462 772 3520 coloniae
786 3463 943 3538 Augustae
957 3460 1095 3536 Lilybaei
1113 3479 1177 3517 eam
1193 3479 1254 3518 rem
1270 3459 1420 3538 publicam

109 3563 245 3624 duodecim
267 3559 397 3624 tribuum
419 3564 514 3624 luisse
535 3564 721 3623 declarantes
732 3563 776 3640 ¹),
799 3563 880 3620 baud
901 3565 963 3621 scio
985 3582 1024 3621 an
1045 3562 1170 3621 Latinae
1192 3563 1307 3620 formae
1332 3562 1420 3624 rebus

109 3667 219 3742 publicis
245 3677 275 3725 et
300 3675 459 3744 propterea
486 3667 656 3743 munioIpiis
685 3675 745 3724 tam
774 3667 912 3742 propriae
939 3665 1050 3723 fuerint
1079 3665 1179 3722 curiae
1207 3681 1296 3740 quam
1326 3663 1420 3722 tribus

109 3768 200 3827 citium
217 3770 419 3828 Romanorum
442 3769 568 3828 coloniIs
589 3769 626 3827 ad
647 3768 743 3844 ipsius
764 3767 880 3826 Romae
901 3767 1060 3843 imaginem
1083 3767 1245 3843 expressis.
1278 3763 1347 3824 Non
1370 3766 1420 3824 ob·

109 3879 171 3940 stat,
194 3872 270 3947 quod
297 3873 327 3930 in
355 3871 475 3949 oppidis
496 3871 645 3930 Africanis
672 3879 731 3928 tarn
759 3869 928 3946 municipiis
954 3887 1044 3944 quam
1066 3869 1192 3928 coloniis
1215 3868 1298 3928 solae
1320 3869 1421 3927 curiae

109 3971 297 4044 inveniuntur3
323 3993 391 4032 nam
415 3993 452 4034 ea
474 3983 580 4044 aetate,
603 3991 664 4050 qua
684 3973 822 4030 instituta
843 3972 980 4029 Romana
1001 3972 1032 4029 in
1055 3971 1188 4030 Africam
1210 3971 1420 4049 migraverunt,

111 4074 228 4134 coloniae
248 4077 463 4154 municipiique
480 4075 679 4154 proprietates
694 4094 747 4152 per
761 4075 1042 4133 contaminationem
1057 4074 1171 4132 formae
1193 4074 1346 4148 utriusque
1360 4073 1421 4132 iam

113 4187 156 4234 aut
178 4188 356 4238 evanuerant
381 4189 433 4237 aut
454 4179 681 4238 evanescebant.
726 4176 866 4238 Ceterum
888 4177 986 4235 curias
1009 4177 1163 4252 tribusque
1185 4175 1303 4234 nomine
1325 4175 1421 4251 magle

115 4296 189 4353 quam
208 4301 238 4339 re
259 4281 377 4340 differre
399 4289 429 4340 et
450 4281 522 4340 alibi
544 4281 747 4339 demonstravi
769 4290 798 4336 et
818 4285 921 4376 notqm
943 4287 990 4338 est
1010 4277 1099 4336 hodie
1121 4277 1392 4354 pervulgatumque.

183 4383 292 4443 Incolae
318 4392 588 4443 commemorantur
614 4389 734 4459 quater,
763 4381 876 4440 scilicet
901 4383 953 4440 ubi
978 4382 1077 4459 agitur
1104 4379 1140 4440 de
1165 4380 1229 4438 iure
1256 4379 1418 4439 testimonii
1443 4381 1550 4432 Incolae

116 4480 286 4545 denuntiandi
309 4485 337 4559 2,
354 4486 382 4558 6,
404 4496 434 4546 et
456 4486 506 4544 ubi
529 4485 627 4562 agitur
648 4485 684 4542 de
704 4483 869 4543 munitione
884 4493 913 4542 et
928 4483 964 4542 dc
980 4483 1154 4542 defensione
1169 4482 1304 4542 coloniae
1326 4483 1354 4554 3,
1370 4482 1418 4540 33.

120 4657 299 4671 -——-

180 4770 201 4832 ¹)
227 4774 324 4823 Inventi
348 4775 384 4824 ibi
409 4779 468 4824 sunt
491 4775 558 4823 tituli
583 4773 634 4822 duo
655 4771 845 4834 (Torremuzza
864 4771 925 4820 cll
945 4771 999 4820 n.8
1022 4767 1067 4832 [=
1083 4767 1270 4833 0151113118]ι
1291 4767 1332 4828 9),
1358 4783 1422 4833 quoa

121 4865 247 4922 proconsuli
259 4867 363 4920 Siciliae
383 4867 485 4916 cuidam
504 4867 608 4930 filioque
627 4866 682 4914 eius
701 4871 842 4930 posuerunt
856 4859 916 4912 XII
933 4860 1033 4924 tribuae)
1052 4863 1192 4927 tertiusque
1212 4877 1287 4926 quem
1306 4860 1350 4910 alii
1370 4861 1422 4909 cui-

121 4953 168 5002 dam
188 4957 295 5010 fecerunt
320 4957 423 5008 tribules
442 4957 501 5008 trit.
521 4957 591 5008 Ionis
611 4958 677 5022 Aaq.
698 4957 834 5007 Coloniam
854 4956 1005 5019 Lilybaeum
1025 4955 1160 5004 deductam
1180 4969 1234 5003 esse
1252 4953 1284 5002 ab
1304 4955 1423 5017 Augusto

122 5045 281 5100 demonstrarit
299 5053 435 5102 Heuzenus
455 5051 525 5112 (ann.
545 5051 604 5100 inst.
628 5051 695 5100 1857
717 5048 835 5114 p.115);
856 5063 933 5096 unum
953 5047 1020 5096 addo
1039 5047 1066 5095 in
1086 5047 1160 5096 titulo
1179 5053 1299 5110 corrupto
1318 5045 1420 5096 Beines.

124 5135 144 5194 3,
155 5139 192 5200 28,
209 5144 271 5193 unda
289 5145 394 5209 qnidam
413 5145 516 5194 efficere
536 5144 673 5192 voluerunt
692 5142 809 5192 coloniae
829 5141 883 5190 eius
903 5155 1046 5205 cognomen
1064 5140 1116 5188 sive
1130 5137 1238 5188 Helviae
1253 5139 1306 5187 sive
1320 5137 1421 5198 Aeliae,

125 5227 146 5276 in
161 5245 186 5280 co
203 5235 265 5298 quod
282 5237 391 5288 traditur
404 5251 420 5286 a
433 5237 557 5302 primario
571 5242 674 5286 auctore
689 5233 812 5286 Gualtero
832 5237 902 5282 RES?
918 5235 1046 5280 comitr
1061 5235 1122 5279 svo
1138 5234 1250 5276 ttttstT
1262 5229 1340 5280 latere
1353 5231 1422 5276 cot.-

127 5331 186 5374 teta
197 5351 202 5365 ·
214 5341 270 5385 AVG
282 5359 287 5374 ·
299 5343 420 5386 IILYBIT·
