3504 6004
363 611 436 684 252
664 631 972 685 osanavamouus
998 631 1275 684 setoasrmcsu
1293 630 1386 682 xvrr.

762 876 900 920 ΒΑΣΙΛΕΥΣ
922 875 1021 920 aovi}
1043 875 1165 918 ΒΑΣΙΛΕΑ
1187 875 1303 918 maana

761 980 811 1022 ΚΑΙ
832 979 1002 1022 ΒΑΖΙΛΙΞΣΑΝ
1023 975 1305 1022 ΠΟΛΕΜΟΚΡΑΤΕΙΑΝ

853 1081 932 1126 voi}
954 1079 1072 1124 ΕΑΥΤΟΥ
1093 1080 1203 1124 ΙὈΝΕΙΣ

891 1182 982 1228 osolt
1004 1183 1164 1228 naTPtttota

362 1332 452 1394 Unde
474 1353 542 1394 cum
565 1334 711 1394 efficiatur
732 1335 853 1412 reginae
874 1335 1113 1394 Polemocratiae
1134 1335 1275 1394 maritum
1299 1351 1409 1394 nomen
1435 1333 1581 1392 hahuisse
1602 1329 1678 1392 Sada·

360 1437 433 1510 lam,
455 1457 510 1496 nec
532 1445 611 1496 recte
626 1437 750 1514 cogitari
772 1437 870 1515 possit
891 1437 927 1496 de
942 1437 1059 1496 duabus
1081 1437 1193 1514 reginis
1210 1435 1345 1496 eiusdem
1366 1436 1496 1494 nominis
1519 1435 1679 1512 praesertin

343 1540 393 1628 ¹in
415 1548 498 1599 tanta
508 1540 648 1599 vocabuli
671 1540 803 1612 raritate,
825 1549 951 1618 apparet
966 1537 1109 1600 Sadalam
1124 1539 1364 1598 Polemocratiae
1385 1539 1527 1596 maritum
1548 1556 1609 1595 non
1628 1537 1679 1594 sine

361 1642 466 1702 liberis
490 1641 656 1701 decessisse
678 1661 732 1701 nec
753 1659 876 1720 regnum
892 1641 1038 1702 Romanis
1059 1642 1222 1720 legavisse,
1246 1641 1298 1700 secl
1321 1641 1433 1700 obiisse
1455 1639 1562 1698 relicto
1584 1639 1680 1696 infante

361 1743 424 1802 filio
440 1743 489 1802 vel
510 1745 621 1822 potius,
645 1753 676 1804 ut
697 1745 777 1803 inira
791 1743 965 1817 videbimus,
988 1744 1069 1818 filiis,
1092 1763 1147 1802 nec
1168 1743 1342 1802 hereditatis
1356 1743 1486 1813 nomine,
1509 1741 1562 1800 sed
1583 1741 1679 1800 tutelae

363 1845 489 1906 Brutum
511 1867 635 1926 regnum
657 1847 859 1925 occupavisse.
903 1846 1049 1906 Inventus
1072 1857 1120 1906 est
1140 1846 1245 1906 titulus
1266 1847 1297 1904 in
1319 1845 1430 1922 oppido
1453 1843 1603 1903 Thraciae
1618 1841 1679 1900 Viae

362 1947 461 2022 hodie,
484 1949 557 2008 olim
578 1949 672 2026 Bizye
695 1950 752 2009 sito
774 1951 806 2007 in
827 1949 1056 2022 mediterraneis
1079 1967 1172 2027 supra
1194 1945 1430 2025 Salmydessum.
1463 1947 1511 2005 Ba
1532 1947 1604 2006 urbs
1625 1964 1678 2004 cum

362 2050 443 2129 apud
464 2051 625 2130 scriptores
648 2049 784 2112 Graecos
806 2051 890 2129 regia
910 2051 1024 2111 feratur
1046 2051 1190 2110 Asterum
1212 2049 1361 2110 Thraciae
1382 2049 1490 2127 gentis,
1513 2048 1593 2126 apud
1611 2047 1679 2106 Lati·

360 2170 417 2211 nos
438 2173 541 2232 regum
558 2153 711 2214 Thracum
724 2153 763 2231 ¹),
787 2154 945 2214 universae
959 2153 1109 2214 Thraciae
1130 2171 1216 2230 reges
1239 2171 1292 2212 eos
1315 2153 1475 2230 dequibus
1494 2169 1549 2211 nos
1575 2152 1677 2228 agimus

360 2254 403 2314 ibi
435 2255 624 2334 potissimum
650 2256 752 2316 sedem
784 2257 925 2316 habuisse
955 2255 1061 2316 titulus
1096 2274 1188 2334 supra
1218 2255 1389 2334 propositus
1422 2254 1593 2324 confirmat3
1624 2271 1678 2312 nam

360 2354 457 2434 (lotys
478 2377 535 2417 rex
556 2359 607 2419 ubi
628 2359 801 2436 parentibus
816 2359 987 2418 memoriam
1009 2359 1154 2437 posuerit,
1174 2357 1217 2418 ibi
1240 2377 1307 2417 eum
1328 2357 1516 2418 habitavisse
1537 2364 1677 2418 consenta-

360 2477 451 2519 neum
472 2469 527 2520 est.

444 2559 505 2621 Per
519 2563 599 2622 bella
613 2562 714 2622 civilio
728 2563 933 2624 Romanorum
955 2572 1042 2643 gesta
1062 2584 1082 2623 a
1095 2571 1191 2623 morte
1206 2561 1349 2623 Caesaris
1371 2562 1527 2623 dictatoris
1549 2562 1587 2622 ad
1606 2579 1678 2640 proe-

360 2663 433 2724 lium
454 2683 550 2742 usque
572 2665 730 2724 Actiacum
753 2667 805 2742 qui
827 2673 1098 2726 commemorantur
1120 2665 1261 2725 Thracici
1282 2685 1383 2744 reges,
1409 2684 1533 2726 numero
1554 2675 1678 2743 quattuor

361 2774 430 2826 sunt
450 2767 669 2845 Rhescuporis,
690 2767 845 2843 Rhoecus,
869 2767 995 2840 Sedala,
1016 2768 1255 2828 Rhoemetalces.
1298 2768 1349 2827 Ex
1370 2769 1418 2827 his
1439 2767 1637 2846 Rhescuporis
1655 2772 1678 2821 et

361 2867 499 2929 Rhascua
525 2870 633 2930 iratres
660 2871 759 2948 reguli
784 2871 906 2931 fuerunt
933 2869 1119 2949 Sapaeorum
1146 2872 1245 2950 gentis
1270 2871 1302 2930 in
1331 2871 1469 2930 confiniis
1491 2871 1632 2930 Thraciae
1655 2877 1678 2924 et

362 2969 555 3032 Macedoniae
577 2970 812 3052 constitutae²),
834 2993 961 3052 quorum
983 2973 1034 3032 ille
1056 2981 1086 3033 et
1105 2981 1196 3060 'antea
1213 2973 1392 3051 Pompeium
1414 2981 1521 3032 contra
1535 2971 1676 3032 Caesarem
1733 2963 1734 2966 ’

334 3073 554 3150 ⁴adiuverat³)
586 3083 616 3134 et
643 3075 770 3136 Brutum
799 3076 914 3137 adiuvit
939 3076 1045 3135 Bessis
1071 3076 1181 3136 bellom
1209 3075 1436 3152 inferentem4).
1480 3075 1568 3134 Bello
1593 3081 1675 3132 autem

359 3174 550 3254 Philippensi
570 3177 775 3256 Rhescuporis
798 3176 898 3239 Cassii
920 3186 1021 3255 partes
1044 3189 1175 3252 secutus,
1208 3177 1347 3238 Rhoecus
1371 3178 1496 3237 Antonii
1520 3195 1591 3236 suae
1610 3183 1674 3234 uter·

360 3295 418 3355 que
432 3280 511 3357 parti
526 3279 723 3340 fortissimam
738 3299 861 3360 operam
876 3278 1055 3357 navavit⁵);
1075 3299 1136 3360 quo
1151 3299 1207 3341 suo
1223 3281 1328 3340 merito
1339 3279 1479 3340 Rhascue
1491 3280 1603 3340 devicto
1614 3276 1674 3337 Cas·

364 3509 568 3522 *aa

436 3692 460 3756 ¹)
486 3695 602 3748 susat
621 3695 652 3745 fr.
668 3696 717 3746 48:
739 3689 839 3745 Ἀστῦν
859 3689 887 3744 ii
906 3689 1041 3758 βασίλειον
1058 3681 1087 3759 ἦν
1103 3684 1191 3760 Βιζιίη.
1223 3694 1313 3760 Steph.
1332 3693 1409 3759 Bya.:
1428 3683 1508 3762 Βιζιῖη
1526 3681 1597 3750 πᾶλις
1613 3679 1672 3757 Baui-

359 3802 401 3849 rmc
418 3776 448 3836 'ro'
466 3783 512 3836 τῶν
528 3779 626 3836 'Aeaeis
639 3781 780 3847 earmina.
809 3788 878 3838 Plin.
892 3789 917 3850 4,
934 3789 977 3850 11,
993 3789 1026 3838 57
1047 3787 1090 3849 (ci.
1105 3787 1189 3840 Solin.
1205 3789 1248 3849 10,
1265 3787 1323 3848 1a):
1343 3784 1422 3853 Bizye
1441 3805 1491 3839 ara
1507 3803 1589 3855 reperta
1602 3783 1669 3836 ilva·

360 3879 423 3939 ciue,
444 3895 462 3927 a
479 3875 553 3930 Terei
569 3877 666 3944 assueto
685 3880 771 3930 inuisa
787 3877 972 3932 historionibus.
1002 3881 1083 3931 Astae
1102 3879 1254 3930 habitabant
1271 3880 1300 3929 in
1319 3880 1514 3932 mediterraneis
1533 3896 1548 3930 a
1564 3875 1668 3930 Perintho

360 3971 394 4021 ad
413 3971 582 4035 Apolloniam
602 3971 722 4032 (Ptolem.
737 3971 763 4035 3,
780 3975 804 4035 1,
821 3975 863 4035 10,
884 3971 917 4024 ci.
934 3973 991 4023 Liv.
1011 3973 1054 4034 38,
1073 3973 1128 4034 40).
1167 3971 1238 4022 Inter
1255 3971 1344 4022 titulos
1364 3987 1475 4038 qnorum
1493 3973 1667 4024 nomenoius

359 4063 423 4112 mihi
441 4064 544 4128 copiam
562 4063 625 4114 iecit
643 4063 685 4114 hic
705 4071 744 4115 est
762 4073 884 4130 exceptus
902 4067 929 4115 in
949 4065 1045 4130 oppido
1065 4064 1193 4115 Tschorlti
1211 4079 1293 4130 prope
1311 4065 1430 4116 Perinthi
1448 4067 1542 4117 rudera
1560 4063 1599 4127 (ci.
1612 4061 1636 4112 G.
1649 4059 1666 4106 l·

361 4155 408 4207 Gr.
428 4171 454 4206 n.
471 4155 567 4217 2023):

852 4245 1215 4290 roselovomottouanox

853 4347 1211 4392 {vesturotaz'rnfflznarr

853 4449 1252 4495 navtrvoorvsvxsatzvtsrtorv

359 4571 451 4680 id'ffli
474 4568 620 4642 [Tllffltmt
639 4561 775 4638 ’1[⁰]¹il⁸⁰t
799 4571 968 4640 [tumtur
987 4575 1019 4640 (l)
1046 4564 1184 4644 orparrpa'c
1207 4567 1327 4639 Ἀστικῆς
1350 4572 1407 4644 περὶ
1432 4570 1559 4644 Πέρινθον
1580 4564 1661 4641 εὐχαρι-

361 4681 407 4728 erp
425 4681 470 4714 ιον.

409 4681 461 4820 p¹)
482 4759 554 4810 Haeo
572 4759 648 4824 plene
667 4758 848 4824 intelleguntur
866 4775 899 4810 ex
918 4767 1039 4810 accurata
1058 4761 1206 4812 narratione
1225 4761 1340 4826 Appiani
1359 4761 1384 4810 h.
1404 4777 1425 4810 c.
1439 4761 1465 4823 4,
1480 4761 1522 4810 87.

436 4848 460 4915 ³)
486 4851 561 4903 Caes.
574 4852 600 4901 b.
620 4867 641 4902 c.
657 4853 682 4914 3,
698 4853 728 4902 4:
756 4869 787 4901 aa
801 4849 955 4903 Macedonio
977 4849 1023 4903 00
1038 4860 1117 4914 aaut,
1139 4851 1228 4919 quibas
1242 4851 1407 4920 Rlaacipolis
1420 4857 1541 4920 praeerat
1556 4839 1661 4900 aselluli

359 4944 459 4994 uirtute.
496 4945 595 4995 Lucan.
609 4944 634 5006 5,
650 4943 698 4994 55:
723 4943 825 5010 pelidae
847 4943 960 4996 dominus
978 4943 1142 5013 Rhascipolss
1167 4962 1235 4996 orae.
1273 4945 1369 5010 Sapaei
1393 4961 1451 4996 cum
1473 4947 1531 5010 iuga
1547 4939 1660 4999 Rh0d⁰l¹²⁵

360 5043 496 5103 occupent,
516 5037 608 5102 quibus
627 5037 783 5088 Macedonia
802 5045 827 5088 et
845 5038 960 5089 Thracia
977 5047 1141 5104 separantur,
1166 5039 1223 5104 pari
1242 5038 1296 5088 iere
1314 5039 1370 5088 iure
1390 5041 1490 5105 utrique
1508 5046 1583 5087 terrae
1599 5023 1659 5080 tribui

359 5135 506 5194 potnerunt.
546 5127 639 5181 aalide
657 5146 705 5181 ora
723 5137 762 5182 est
780 5131 840 5182 litus
858 5131 891 5182 ab
911 5132 1019 5182 Abdera
1039 5132 1073 5182 ad
1092 5133 1159 5182 ostia
1177 5131 1249 5182 fluvii
1269 5131 1353 5182 Nesti.

436 5219 668 5286 Bfflstffi

438 5313 462 5378 ⁵)
486 5316 625 5381 Appianas
642 5317 667 5368 b.
687 5333 709 5368 c.
722 5318 749 5379 4,
763 5319 807 5367 87.
824 5317 960 5368 103.104.
978 5319 1037 5367 129.
