3548 6012
329 577 377 646 88
556 569 559 574 ’
922 585 1073 646 nunnus

328 767 517 827 Sabellarum
535 765 713 827 Sabinorum
729 765 910 828 Umbrorum
925 767 1041 840 Piceni,
1064 768 1114 844 qui
1134 776 1181 827 est
1203 777 1310 828 trasna
1333 767 1383 826 ille
1405 769 1609 838 celeberrimus,
1632 774 1659 826 ut

327 891 394 930 cum
411 869 556 929 Cicerone
577 871 738 946 loquamur
759 870 827 948 (pro
843 870 969 930 Plancio
986 870 1015 942 9,
1032 869 1096 946 tn),
1117 871 1308 945 Venafranae,
1329 870 1490 944 Allifanus,
1513 880 1570 928 tota
1586 873 1662 928 deni-

328 993 382 1050 que
402 981 501 1031 nostra
522 972 576 1029 iila
598 991 703 1050 aspera
725 982 752 1030 et
771 984 919 1032 montuosa
940 981 967 1030 at
986 973 1106 1050 simplae
1128 984 1155 1031 et
1167 976 1286 1049 santria
1307 989 1421 1030 suorum
1437 977 1523 1048 rapio.
1561 974 1598 1031 In
1616 973 1662 1032 iis-

328 1076 395 1132 dem
418 1076 510 1152 igitur
531 1075 594 1134 iere
607 1075 779 1152 regionibus
794 1075 883 1133 etiam
899 1076 1002 1178 ignota
1016 1075 1071 1134 illa
1085 1076 1196 1154 oppida
1211 1075 1270 1134 sita
1284 1075 1379 1134 inisse
1395 1075 1591 1152 probabiliter
1607 1085 1662 1133 sta-

329 1185 437 1236 tuetur.
478 1176 529 1235 Ea
550 1181 666 1254 antiquo
687 1176 774 1236 Latio
796 1177 882 1236 LIII
897 1178 999 1254 populi
1020 1182 1149 1238 interiere
1170 1182 1231 1237 sine
1251 1181 1376 1254 oestipiis
1397 1177 1500 1235 Plinio
1522 1176 1554 1254 (3
1578 1177 1663 1253 §i0)

327 1288 419 1352 teste3
448 1279 536 1338 facile
566 1281 742 1338 crediderim
770 1281 848 1338 inter
873 1279 926 1338 illa
953 1281 1069 1357 aliquot
1095 1299 1198 1339 eorum
1226 1278 1334 1351 fuisse,
1363 1298 1379 1336 e
1407 1279 1515 1355 quibus
1543 1281 1665 1338 nomina

329 1383 403 1440 haec
424 1383 454 1440 in
476 1401 549 1441 anus
571 1382 706 1442 derivata
726 1391 804 1440 sunt.
848 1382 965 1441 Tamen
986 1383 1115 1442 fortasse
1138 1385 1168 1441 in
1189 1382 1446 1460 inscriptionibus,
1469 1381 1664 1442 inbistoriae
1765 1423 1766 1428 κ

329 1487 472 1560 profanae
500 1493 530 1543 et
556 1503 659 1543 sacrae
685 1484 905 1556 instrumentis,
933 1485 963 1544 in
985 1485 1062 1562 ipsis
1084 1485 1217 1543 locorum
1239 1502 1384 1563 pagorum
1407 1503 1547 1562 agrorum
1570 1487 1665 1562 parie-

329 1587 457 1646 tinarum
484 1586 669 1646 desertarum
697 1587 866 1646 nominibus
886 1587 1040 1646 hodiernis
1067 1587 1215 1663 quaedam
1242 1607 1345 1646 eorum
1373 1597 1493 1646 servata
1518 1597 1602 1658 sunt;
1632 1589 1665 1645 ad

217 1751 221 1774 ι
330 1709 365 1748 ea
387 1689 485 1748 denuo
507 1690 716 1765 investiganda
737 1689 866 1760 indices,
888 1707 964 1766 quos
987 1707 1080 1766 supra
1101 1689 1186 1761 dedi,
1208 1689 1337 1749 sortasse
1363 1691 1556 1749 adiurabunt

413 1792 697 1852 Demonstravimus
723 1793 947 1870 grammaticam
969 1787 1126 1865 rationem,
1150 1812 1210 1869 qua
1231 1793 1353 1851 nomina
1374 1793 1428 1851 illa
1448 1793 1577 1851 formata
1601 1811 1667 1851 esse

329 1895 487 1972 probabile
509 1903 563 1953 est.
600 1895 709 1953 Restat
730 1894 826 1953 altera
847 1895 985 1971 quaestio
1007 1913 1102 1971 eaque
1125 1895 1244 1971 gravior
1265 1904 1294 1952 et
1313 1887 1476 1966 diffieilior,
1498 1895 1619 1954 scilicet
1639 1903 1668 1953 ut
1766 1961 1767 1964 Ἴ

330 1998 498 2075 explicetur
525 1997 576 2074 qui
603 1997 714 2056 lactum
741 1997 781 2056 sit
801 2007 835 2054 nt
857 1997 982 2074 originis
1004 1997 1162 2067 indicatio,
1189 2017 1268 2074 quae
1290 1998 1449 2056 multorum
1472 2007 1518 2056 est
1540 2015 1597 2055 sua
1621 2017 1668 2056 na·

331 2111 413 2174 tura,
436 2101 475 2160 ad
497 2099 739 2159 utriushominis
762 2100 883 2177 eiusque
905 2099 1003 2178 gantis
1029 2100 1265 2176 designationum
1289 2100 1392 2177 aliqua
1413 2119 1480 2159 cum
1502 2101 1670 2160 constantia

332 2204 449 2264 deflexa
471 2203 646 2278 reperiatur.

416 2305 624 2380 Incipiendum
643 2304 762 2362 videtur
783 2305 813 2362 in
835 2305 891 2362 hac
913 2304 1090 2381 quaestione
1106 2325 1124 2363 a
1139 2305 1376 2381 cognominibus.
1413 2305 1460 2364 Ea
1473 2306 1551 2364 enim
1568 2313 1669 2364 notum

332 2417 379 2466 est
405 2428 424 2466 a
450 2409 526 2466 locis
553 2407 687 2465 derivata
715 2425 864 2466 essenon
887 2416 920 2464 ut
941 2408 1025 2484 origo
1048 2407 1265 2483 designaretur,
1293 2410 1346 2467 sed
1368 2417 1401 2466 ut
1422 2408 1534 2466 iactum
1557 2407 1669 2484 aliquid

332 2511 432 2570 nobile
459 2509 541 2568 velut
563 2509 687 2568 victoria
715 2529 732 2566 e
759 2509 882 2588 regione
905 2509 958 2567 illa
980 2519 1133 2586 reportata
1153 2519 1183 2568 et
1204 2510 1317 2570 similia
1338 2531 1405 2569 cum
1430 2511 1517 2568 unius
1540 2509 1670 2568 bominis
1767 2563 1768 2568 ,

333 2613 479 2672 memoria
501 2613 659 2670 coniuncta
681 2629 734 2687 per
756 2620 873 2688 gentem
897 2613 962 2670 eius
985 2621 1182 2670 servarentur.
1222 2613 1298 2671 Eius
1320 2613 1439 2690 generis
1462 2613 1492 2670 in
1515 2631 1591 2672 anus
1614 2613 1670 2670 ior·
1767 2657 1768 2660 ,

333 2727 416 2775 mata
438 2723 509 2772 sunt
530 2714 689 2788 Africanus
706 2713 877 2774 Coriolanus
899 2714 1061 2790 (siquidem
1085 2715 1159 2774 illud
1184 2735 1252 2774 vere
1272 2715 1330 2772 huc
1352 2715 1495 2792 pertinet)
1518 2715 1671 2791 Hispanus

334 2819 379 2895 (et
402 2815 577 2893 Hispallus)
604 2816 761 2874 Montanus
789 2813 1022 2894 (Tarpeiorum)
1045 2817 1191 2876 Serranus
1220 2817 1306 2893 (olim
1329 2817 1462 2876 Soranus
1482 2817 1671 2892 Atiliorum).

334 2921 467 2980 Possunt
488 2917 622 2978 eiusdem
645 2919 763 2997 generis
779 2936 845 2977 esse
861 2937 938 2994 quae
953 2921 984 2978 in
999 2919 1087 2978 fastis
1101 2930 1171 2979 ante
1185 2921 1354 2997 Augustum
1370 2929 1400 2978 et
1414 2921 1493 2997 apud
1510 2921 1672 2998 scriptores

334 3033 489 3102 practerea
510 3021 699 3098 reperiuntur
720 3039 815 3097 pauca
832 3021 942 3080 similia
960 3021 1210 3080 Caeliomontanus
1229 3019 1424 3082 Caruentanus
1439 3019 1673 3082 *Caritineaanas

335 3125 524 3202 Fregellanus
547 3121 727 3198 Mugillanus
751 3121 911 3182 Tuditanus
930 3124 1132 3184 liucicicanns
1151 3125 1306 3184 Vaticanus
1326 3125 1492 3184 Vibulanus.
1531 3123 1593 3186 Sed
1615 3125 1672 3183 ior·

334 3237 418 3286 tasse
439 3247 478 3285 ex
493 3232 577 3301 parte
592 3225 686 3284 indita
701 3234 771 3283 sunt
786 3227 823 3284 ab
839 3226 886 3298 iis,
909 3227 960 3303 qui
975 3227 1072 3285 fastos
1087 3217 1331 3304 composuerunt,
1355 3235 1388 3285 ut
1402 3247 1503 3286 veram
1518 3228 1673 3286 hominum

336 3331 480 3405 originem
496 3327 675 3399 indicarent;
698 3337 732 3386 ut
747 3327 877 3386 indicata
892 3337 937 3387 est
952 3329 1056 3406 procul
1072 3329 1161 3388 dubio
1176 3329 1207 3388 in
1223 3329 1261 3387 L.
1277 3329 1401 3406 Papirio
1418 3331 1601 3406 Fregellano,
1624 3331 1674 3407 qui

338 3431 543 3493 Gracchorum
561 3440 696 3508 tempore
711 3432 913 3490 disertissimus
930 3431 1041 3492 babitus
1057 3443 1099 3491 est
1112 3451 1146 3490 eu
1160 3431 1260 3503 Latio,
1283 3441 1317 3490 ut
1332 3429 1437 3492 Cicero
1452 3433 1495 3490 ait
1517 3433 1562 3508 (in
1578 3433 1673 3490 Bruto

335 3533 464 3612 §170),
493 3545 523 3592 et
549 3533 578 3590 in
607 3532 639 3591 Τ.
661 3531 777 3591 Relatio
799 3533 898 3591 Burro
920 3533 1067 3592 Asculano
1091 3532 1215 3610 (Cicero
1237 3533 1347 3592 ibidem
1371 3533 1388 3611 ξ
1409 3533 1499 3610 169).
1542 3535 1674 3611 Reliqua

336 3637 402 3695 eius
429 3635 548 3713 generis
576 3635 754 3713 cognomina
781 3637 950 3694 tenuiorum
976 3636 1131 3696 bominum
1154 3646 1224 3695 sunt
1245 3636 1361 3709 omnia3
1390 3637 1526 3712 plebeiae
1548 3638 1674 3716 originis

337 3740 427 3798 etiam
456 3747 611 3797 senatores
640 3737 728 3813 pauci
757 3737 807 3813 qui
835 3737 906 3796 dicti
930 3746 1001 3796 sunt
1028 3739 1171 3798 Cumanus
1197 3739 1371 3816 Hadrianus
1399 3739 1552 3816 Mefitanus
1575 3740 1675 3816 remp

337 3861 435 3902 sanus.
477 3839 521 3899 Ut
549 3859 567 3897 a
595 3840 729 3898 locomm
757 3839 1010 3915 appellationibus
1037 3839 1141 3912 ducta,
1170 3859 1246 3918 quae
1273 3851 1304 3900 et
1329 3843 1398 3919 ipsa
1423 3860 1483 3901 non
1505 3841 1674 3919 frequentia

338 3953 417 4016 sunt,
440 3943 533 4002 veluti
557 3943 704 4001 Fontanus
726 3941 884 4000 Montanus
905 3942 1043 4019 Papanua
1058 3943 1192 4019 Ripanur
1214 3945 1338 4003 liranus
1359 3945 1502 4016 Urbanus,
1525 3946 1568 4004 ita
1582 3945 1674 4003 Bene·

337 4055 474 4106 vertanus
489 4045 663 4116 Beneventi,
689 4043 841 4104 Caietanua
855 4043 996 4120 Neapoli,
1021 4045 1184 4121 Campanus
1201 4043 1334 4122 Capuae,
1354 4047 1544 4123 Ilepelianus
1560 4047 1675 4123 Aqu'mi

338 4157 367 4208 et
382 4149 463 4220 alibi,
478 4147 672 4206 IIerculaniua
688 4145 796 4218 Nolae,
812 4145 1022 4222 Neapolitanus
1035 4146 1176 4225 Neapoli,
1191 4147 1367 4208 Puteolanus
1380 4149 1527 4222 Puteolis,
1542 4150 1674 4209 Soranus

337 4253 446 4310 Atinae
468 4251 499 4308 in
515 4248 691 4324 Campania,
711 4249 893 4322 Venafranae
908 4248 1069 4322 Marruuii,
1092 4250 1161 4307 item
1179 4250 1341 4310 Cessitanas
1357 4249 1484 4328 Sagunti
1508 4271 1596 4310 verae
1613 4252 1676 4308 ori-

314 4391 318 4406 .
338 4355 417 4433 ginis
439 4351 613 4411 memoriam
636 4351 738 4427 aliqua
760 4349 876 4409 ratione
897 4361 1026 4427 possunt
1048 4369 1195 4412 servasse.
1238 4353 1321 4412 ldem
1343 4354 1424 4414 valet
1446 4353 1483 4412 de
1504 4354 1675 4413 nominibus

338 4459 368 4515 in
392 4456 555 4532 provinciis
576 4453 650 4512 satis
666 4453 883 4530 frequentibus,
906 4453 996 4512 veluti
1018 4455 1049 4512 in
1063 4455 1223 4531 Hispania,
1243 4453 1408 4532 Campanus
1423 4456 1581 4516 Finnanus
1596 4457 1675 4514 Rin-

339 4561 432 4618 danaa
448 4556 585 4616 Lucanus
604 4556 791 4614 Tusculanus.
829 4553 974 4615 Similiter
996 4557 1187 4616 indicandum
1210 4558 1275 4616 sine
1297 4558 1387 4616 dubio
1410 4559 1447 4616 de
1461 4559 1586 4618 Romani
1603 4577 1675 4636 cog-

338 4661 458 4719 nomine
479 4659 509 4717 in
531 4659 622 4717 Italia
643 4668 672 4716 et
696 4659 727 4715 in
749 4658 927 4736 provinciis,
950 4667 983 4716 ut
1003 4659 1148 4732 uidimus,
1171 4679 1228 4719 non
1252 4661 1411 4718 admodum
1432 4679 1518 4730 raro;
1544 4662 1675 4737 itemque

339 4765 377 4822 de
398 4761 579 4840 populorum
601 4760 788 4832 nominibus,
817 4760 910 4818 veluti
931 4760 1092 4835 Africanus
1116 4762 1280 4838 Campanus
1303 4761 1399 4838 (qnod
1420 4781 1479 4820 non
1503 4763 1674 4822 necessario

340 4866 379 4924 ad
406 4847 501 4924 solam
524 4861 659 4940 Capuam
687 4861 873 4920 referendum
896 4863 961 4939 est)
989 4862 1154 4922 Cassitanus
1178 4865 1356 4923 Ilentranus
1382 4863 1541 4924 Germanae
1563 4865 1675 4940 Hispa-

339 4987 393 5026 nus
414 4965 553 5024 Lucanus
576 4965 791 5022 Praetuttianus
811 4965 972 5040 Sequanae,
996 4983 1122 5042 quorum
1142 4966 1301 5025 Germanas
1323 4967 1384 5025 iere
1407 4967 1534 5026 militum
1558 4977 1674 5025 tanturn

340 5077 395 5140 est,
418 5067 571 5145 Hispanus
593 5076 679 5125 extra
694 5066 873 5142 Hispaniam
895 5085 990 5144 paene
1012 5067 1188 5128 inauditum.
1223 5069 1283 5130 Sed
1305 5088 1475 5147 quanquam
1498 5069 1585 5128 etiam
1603 5086 1674 5145 cog-

341 5171 462 5231 nomina
483 5170 537 5229 illa
558 5169 717 5228 coniuncta
737 5169 831 5228 fuisse
853 5169 954 5246 aliqua
973 5171 1090 5230 ratione
1111 5189 1177 5230 cum
1193 5171 1309 5249 origine
1323 5173 1425 5249 negari
1440 5173 1553 5249 nequit,
1573 5181 1674 5230 tamen

341 5281 452 5333 certum
474 5273 539 5332 eius
562 5271 702 5331 indicium
725 5289 913 5350 nequaquam
937 5272 1100 5350 proferunt.
