3548 6012
330 626 377 695 86

330 747 482 756 —u—

283 860 284 864 ,
330 819 405 878 Item
428 819 571 896 pluralia:

737 941 891 1020 Aequiculi
1099 943 1188 1002 Eruli

738 1045 843 1105 Corelli
1047 1065 1059 1104 s
1100 1045 1199 1104 Fundi

739 1148 848 1207 Corioli
1099 1147 1213 1208 Puteoli

331 1339 501 1402 Secundum
533 1349 701 1400 exterarum
731 1341 980 1402 consuetudinem
1009 1342 1142 1419 gentium
1170 1341 1299 1401 formata
1327 1351 1397 1401 suut
1424 1361 1443 1400 a
1471 1341 1609 1404 Gadibus
1639 1353 1667 1400 et

331 1442 514 1521 aNeapoli:

740 1563 904 1624 Gaditanas
1099 1565 1309 1642 Neapolitanae

331 1757 441 1833 quibus
464 1756 592 1816 tortasse
615 1757 730 1816 aceedit
747 1755 916 1829 Tadiana,
939 1757 1086 1834 siquidem
1108 1775 1286 1835 componere
1308 1757 1378 1816 lieet
1399 1757 1456 1817 hoe
1476 1777 1585 1817 namen
1601 1779 1669 1819 cum

331 1859 443 1936 oppido
465 1858 576 1918 Tuder.
621 1860 650 1917 A
673 1857 860 1918 Tudertibus
883 1859 1064 1918 Tadertaaue
1086 1859 1206 1936 quidem
1228 1859 1293 1918 fieri
1314 1861 1423 1937 potuit,
1446 1861 1498 1918 sed
1521 1869 1669 1920 mutatum

332 1971 378 2020 est
398 1963 429 2019 in
455 1961 615 2020 Tuditanus
636 1962 767 2020 fortasse
788 1969 911 2040 propter
933 1963 1000 2020 soni
1022 1961 1177 2034 duritiem;
1204 1981 1275 2022 nam
1296 1961 1375 2040 quod
1399 1963 1505 2022 Ateius
1528 1965 1673 2040 probarit

331 2085 350 2124 a
372 2049 465 2127 ludite
487 2064 684 2141 veriloquium
707 2063 837 2140 (Festus
860 2083 889 2140 p.
909 2062 984 2140 352)
1007 2065 1094 2124 nobis
1116 2065 1270 2142 probabile
1291 2077 1429 2125 nonest.
1474 2065 1619 2143 Denique
1641 2079 1673 2126 nt

332 2187 351 2226 a
371 2174 472 2226 monte
495 2166 665 2240 Montanae,
693 2167 839 2226 iterante
861 2163 1004 2225 aanlio
1027 2177 1127 2226 monte
1151 2167 1399 2228 Caelimontanus
1421 2169 1484 2227 sive
1508 2169 1673 2229 Caelimon-

332 2281 416 2329 taaae
435 2269 545 2328 factum
569 2278 630 2340 θεῖς
651 2270 678 2329 ei
702 2268 814 2328 similia
835 2277 906 2327 sunt
926 2269 1123 2329 Albinouanus
1146 2271 1184 2328 ab
1206 2270 1285 2328 Alba
1304 2289 1380 2329 aava
1401 2269 1524 2330 Aldiove
1545 2292 1623 2331 aare
1646 2283 1675 2332 et

337 2373 540 2432 Teacieieaaue
562 2392 581 2431 a
601 2376 663 2432 uiae
686 2371 774 2430 licaeo
796 2371 940 2430 derivata.
977 2371 1024 2432 Ea
1045 2373 1113 2431 sola
1134 2381 1205 2432 sunt
1225 2368 1373 2431 vocabula
1394 2375 1571 2452 composita,
1595 2393 1675 2452 quae

332 2477 362 2534 in
385 2483 447 2534 toto
469 2476 526 2534 hoo
548 2475 702 2534 nominum
725 2473 829 2533 ordine
852 2482 965 2534 extant.

416 2577 569 2636 Interdum
592 2577 771 2655 oppidorum
793 2577 973 2654 populorum
997 2579 1153 2657 regionum
1176 2577 1311 2638 locorum
1333 2579 1459 2638 aliorum
1475 2579 1600 2639 nomina
1616 2581 1674 2639 iam

332 2701 386 2760 per
401 2700 438 2740 aa
454 2680 596 2738 suffixum
613 2679 741 2738 formata
754 2679 924 2740 nominibus
941 2681 1087 2757 originem
1103 2679 1259 2740 dederunt.
1294 2681 1341 2739 Ita
1356 2683 1393 2740 ab
1409 2682 1543 2741 Aeclano
1559 2681 1675 2743 factum

333 2791 380 2842 est
396 2782 563 2854 Aeclanz'ae,
585 2802 603 2840 a
618 2782 754 2841 Boviano
778 2791 838 2841 tam
854 2783 1004 2842 Baaiaaae
1027 2801 1116 2859 quam
1131 2783 1301 2853 Baetasios,
1324 2784 1362 2842 ab
1383 2783 1576 2845 Herculaneo
1597 2785 1678 2846 Her·

334 2887 468 2945 culaneas
484 2885 678 2944 Ilereulaniae
701 2892 731 2943 et
752 2885 790 2943 ab
812 2885 860 2944 his
880 2903 941 2944 non
957 2887 1082 2944 multum
1099 2885 1249 2946 diuersum
1264 2885 1461 2958 Herculanea
1486 2907 1505 2945 a
1517 2886 1679 2948 Taurania

334 2989 463 3046 fortasse
480 2987 652 3046 Tauranias.
684 2987 875 3064 Papularum
897 2989 1019 3046 nomina
1041 2988 1206 3047 Cessltaaae
1229 2987 1408 3049 Frentranue
1426 2988 1590 3049 Germanae
1606 2991 1679 3050 His·

330 3109 426 3168 panus
447 3089 585 3150 Lucanae
601 3089 815 3148 Praetuttiorum
831 3089 991 3166 Seqadaae,
1014 3090 1124 3148 montis
1148 3090 1292 3161 l'atr'oam',
1313 3091 1385 3170 pagi
1408 3091 1529 3164 Vellaai,
1551 3093 1680 3152 Vomani
1770 3133 1771 3176 p

334 3193 467 3252 fluminis
490 3191 626 3250 similiter
647 3190 772 3250 redeunt
792 3191 871 3250 inter
892 3191 1013 3250 nomina
1035 3193 1264 3269 cognominave3
1288 3193 1447 3264 interdum,
1470 3204 1502 3252 nt
1522 3193 1678 3266 brennae,
1770 3181 1771 3220 ³

334 3295 480 3353 trifariam
503 3293 657 3370 (Lucanae
679 3313 803 3366 nomen,
827 3311 1002 3370 cognomen,
1024 3293 1175 3354 Lucaniae
1197 3295 1319 3371 nomen)
1341 3295 1482 3356 adhiblta.
1527 3295 1679 3357 Similiter

333 3409 438 3457 notum
460 3404 507 3456 est
529 3415 547 3454 a
569 3396 702 3455 Traiano
725 3397 803 3455 viam
825 3396 935 3456 dietam
958 3413 1026 3457 esse
1047 3397 1217 3474 etreliqua
1241 3397 1379 3470 Traiana,
1402 3417 1461 3458 non
1479 3399 1678 3464 Traiaaiaaa.

333 3513 366 3560 ut
394 3502 431 3560 ab
460 3501 597 3576 Augusto
625 3499 774 3576 Aepuetn3
806 3499 954 3558 interdum
984 3509 1082 3558 tamen
1112 3499 1252 3576 analogia
1278 3500 1360 3574 t'eait,
1391 3509 1423 3558 ut
1450 3501 1523 3559 talia
1550 3519 1678 3579 quoque

333 3609 528 3662 mutarentur.
572 3601 618 3660 Ita
645 3621 664 3658 a
685 3600 805 3660 Lucano
831 3601 961 3678 quodam
989 3611 1117 3660 turmam
1144 3603 1255 3662 dictam
1280 3603 1445 3678 reperimus
1467 3601 1679 3664 Laeaniarram

335 3705 445 3784 (Orell.
463 3703 575 3780 3415);
604 3722 732 3780 quocum
755 3703 966 3762 eonferendum
988 3705 1186 3764 Romanianae
1208 3724 1315 3764 nomen
1338 3705 1533 3782 gentilicium.
1580 3710 1678 3767 Aoos-

333 3808 408 3866 dunt
428 3807 476 3865 his
498 3806 629 3866 fortasse
651 3807 820 3866 Baebiaaus
843 3807 997 3866 Marianae
1020 3807 1139 3884 aliaque
1162 3807 1282 3880 similia,
1306 3827 1382 3884 quae
1405 3809 1494 3868 etiam
1516 3829 1555 3868 ex
1579 3811 1676 3888 genti·

332 3909 409 3970 liciis
431 3909 560 3968 derivari
582 3909 718 3985 potuisse
740 3909 881 3968 vidimus.

416 4013 523 4088 Itaque
549 4030 589 4070 ex
616 4012 713 4071 forma
738 4011 874 4072 derivata
900 4013 931 4070 in
954 4031 1026 4072 anae
1052 4013 1117 4072 siva
1139 4017 1222 4072 anias
1245 4013 1332 4071 radix
1354 4013 1421 4089 ipsa
1442 4015 1527 4072 auius
1550 4017 1678 4093 generis

333 4115 422 4174 luerit
444 4123 524 4173 certo
546 4113 663 4172 definiri
685 4115 798 4190 nequit.
842 4114 958 4173 Tamen
981 4115 1175 4191 probabiliter
1196 4115 1362 4192 comparari
1386 4127 1514 4192 possunt
1535 4117 1679 4177 derivata

333 4239 352 4296 a
378 4217 548 4276 nominibus
577 4217 764 4292 simplicibus
790 4217 822 4275 in
851 4237 870 4274 a
897 4217 1116 4290 desinentibus,
1150 4219 1241 4277 veluti
1269 4219 1348 4277 Atta
1374 4219 1453 4278 Bola
1479 4220 1564 4279 Basa
1596 4220 1677 4280 Cora

337 4321 413 4380 Coeo
434 4318 536 4380 *Lara
557 4319 638 4378 Nola
658 4318 760 4378 Norba
780 4319 873 4378 Roma
896 4319 973 4379 Sora
996 4319 1094 4380 Suasa
1119 4321 1221 4392 Treba,
1244 4340 1311 4380 oum
1334 4321 1395 4380 his:

745 4501 844 4560 Corda
1037 4525 1063 4564 ro
1105 4507 1193 4567 Secta

746 4605 835 4679 Corsa
1106 4609 1221 4684 Spauta

742 4703 863 4766 *Maean
1109 4711 1183 4770 Teba

743 4809 832 4868 Musa
1104 4811 1203 4872 *Trita

689 4933 701 4972 s
744 4909 847 4970 *Nova
1110 4916 1194 4974 Vella

742 5011 833 5074 ⁴'Octa
1038 5037 1062 5076 tt
1113 5019 1197 5076 Vetto

748 5117 809 5176 Ora
1111 5119 1187 5178 Vera

744 5219 821 5278 Sala
1110 5221 1188 5279 Vara

743 5321 817 5381 Sata
