3520 6006
529 733 603 784 nux
620 733 701 789 con.
723 733 950 788 uunsrlvnu.
1335 718 1404 788 147

88 931 117 972 es
134 931 163 970 re
183 911 322 984 differre,
345 911 426 988 quod
446 911 499 970 ille
521 910 588 970 solo
610 928 760 970 consensu
781 911 962 988 perficiatur,
987 911 1036 970 hic
1057 911 1277 988 quodammodo
1298 913 1407 972 littaris

88 1013 118 1072 de
140 1032 173 1071 ea
195 1033 228 1072 re
254 1015 346 1078 luctis
369 1015 418 1074 rel
444 1014 546 1090 potius
573 1022 688 1074 tessera
712 1013 783 1074 data
793 1010 831 1089 ¹).
874 1013 939 1072 lam
961 1023 1139 1092 patronatus
1160 1015 1187 1074 is
1209 1033 1296 1092 quem
1319 1015 1407 1074 nobis

87 1125 279 1192 repraesentat
307 1117 359 1176 lex
388 1113 529 1176 Caesaris
556 1127 669 1194 quanto
695 1117 821 1193 propius
850 1115 889 1174 ad
917 1116 1098 1194 primitivum
1130 1117 1257 1176 formam
1286 1118 1408 1177 accedat

87 1238 163 1297 quum
188 1238 278 1296 quem
308 1219 396 1278 uobis
424 1227 687 1296 repraesentarunt
715 1219 893 1278 documenta
921 1219 1018 1279 adhuc
1046 1229 1118 1278 nota
1145 1221 1252 1280 aetatis
1280 1221 1408 1296 impera·

88 1323 167 1380 toriae
191 1322 256 1381 lere
277 1321 393 1392 emnia,
420 1341 508 1382 nemo
534 1332 582 1382 est
607 1322 678 1398 quin
705 1321 813 1380 rideat.
858 1321 1063 1400 Distinguitur
1088 1323 1119 1380 in
1145 1322 1209 1400 lege
1231 1323 1282 1400 qui
1302 1319 1407 1399 ‘potro-

87 1443 132 1482 sus
157 1435 196 1484 cst
218 1419 424 1500 adoptaturue’
451 1426 504 1502 (3,
527 1423 584 1501 15)
614 1423 678 1484 sive
704 1419 852 1501 ‘patrorum
877 1427 1035 1500 adoptatur
1062 1429 1182 1484 sumitur
1203 1419 1251 1502 fit’
1278 1425 1327 1501 (l,
1347 1423 1408 1501 43)

89 1529 119 1586 ab
138 1523 245 1605 eo'qui
264 1525 376 1605 ‘hospes
398 1529 556 1604 adoptatur
577 1545 727 1603 quommos
749 1527 901 1604 hospitium
922 1537 1068 1598 cessasse,
1082 1527 1233 1604 hospitalia
1251 1521 1308 1605 fit’.
1351 1527 1409 1586 Ille

87 1631 170 1689 honor
194 1630 293 1690 maior
313 1638 374 1702 est,
403 1630 451 1688 hic
474 1631 582 1702 minor,
611 1649 678 1689 cnm
702 1631 740 1690 ad
762 1638 951 1708 patronatum
972 1630 1190 1690 decernendum
1209 1631 1286 1689 duae
1307 1637 1409 1708 partes

87 1731 266 1792 decurionum
293 1733 498 1810 requirantur,
525 1733 556 1790 in
582 1731 714 1808 hospitio
741 1733 848 1792 solitus
876 1751 1018 1792 numerus
1046 1733 1190 1805 sufficiat,
1216 1733 1287 1792 item
1313 1751 1410 1808 poena

87 1835 228 1914 adscripta
250 1837 342 1896 sitin
364 1835 417 1894 illo
438 1835 537 1895 decies
559 1842 643 1894 tanta
664 1843 775 1912 quanta
796 1835 827 1894 in
849 1835 906 1894 hoc
928 1845 983 1894 est.
1019 1835 1084 1894 lam
1106 1835 1162 1894 hac
1184 1834 1250 1912 lege
1265 1835 1410 1894 admoniti

87 1937 275 2014 intellegimus
300 1937 469 1998 Gaditanos
495 1937 658 2015 hospitium
686 1937 874 1996 solummodo
900 1937 1018 2014 publice
1042 1938 1150 1998 iecisse
1172 1947 1287 1997 tessera
1308 1939 1411 1996 oblata

87 2059 145 2100 cum
171 2041 237 2099 cire
267 2041 340 2102 olim
368 2058 439 2113 suo,
465 2041 525 2100 iam
552 2040 692 2098 Romano
720 2039 756 2098 L.
787 2037 929 2100 Cornelio
957 2035 1107 2117 Balbo²),
1139 2059 1329 2118 nequaquam
1357 2061 1409 2118 pa·

88 2157 195 2204 nouum
221 2163 290 2204 enm
318 2143 376 2202 sibi
404 2142 606 2222 adoptavisse.
651 2141 783 2202 Omnino
806 2150 911 2218 postea
938 2143 1055 2202 demum
1079 2151 1204 2220 uterque
1226 2145 1322 2202 honor
1343 2161 1410 2220 per·

87 2259 166 2324 petuo
198 2247 438 2323 necessitateqne
464 2245 593 2322 quadum
619 2245 760 2322 coniungi
789 2245 886 2320 coepti
915 2253 986 2304 sunt
1012 2245 1179 2322 acciditque
1205 2246 1253 2304 hic
1280 2263 1410 2322 quoque,

88 2359 115 2408 ut
140 2350 302 2410 honoribus
330 2349 616 2408 increbrescentibus
645 2357 675 2408 et
695 2347 758 2408 sere
779 2347 964 2426 pervulgatis
986 2347 1100 2407 minore
1122 2347 1233 2408 nemini
1254 2348 1315 2407 ium
1337 2349 1410 2408 sutis

87 2453 162 2512 tieret
188 2453 291 2528 itaque
319 2450 450 2527 simplex
482 2450 645 2528 hospitium
672 2449 893 2526 quodammodo
922 2449 1158 2528 exolescereti).
1180 2483 1218 2494 -
1249 2451 1412 2510 Praeterea

87 2556 210 2616 notabile
238 2563 285 2614 est
310 2555 341 2614 iu
367 2555 424 2613 hac
452 2553 516 2632 lege
542 2563 701 2631 patronum
726 2552 878 2630 adoptari,
905 2559 939 2611 ut
960 2551 1106 2630 Cicero⁴)
1129 2571 1247 2632 quoque
1268 2553 1411 2630 loquitur,

88 2679 140 2718 nou
161 2657 311 2736 cooptari,
339 2655 420 2733 quod
441 2655 619 2715 vocabulum
641 2656 679 2714 ab
701 2655 828 2732 Augusti
851 2657 921 2716 inde
943 2663 1041 2716 aetate
1061 2657 1092 2715 iu
1114 2675 1151 2714 ea
1171 2676 1204 2715 re
1225 2657 1411 2734 sollemne⁵)

89 2761 273 2820 nihilominus
301 2759 361 2835 ipsi
387 2767 471 2818 actus
493 2759 668 2836 proprietati
690 2777 795 2834 parum
818 2767 920 2835 aptum
946 2767 1005 2832 est;
1033 2777 1128 2836 neque
1150 2760 1230 2818 enim
1251 2761 1371 2837 proprie
1392 2779 1411 2818 a

91 2863 202 2940 collegis
217 2862 325 2921 tuturis
341 2869 486 2938 patronus
500 2861 621 2920 futurus
637 2861 823 2920 adsciscitur.
854 2861 1043 2940 Quamquam
1059 2861 1217 2938 coaptandi
1233 2861 1411 2922 vocabulum

91 2966 255 3024 eonomine
277 2963 416 3022 excusari
437 2971 551 3040 potest,
577 2963 658 3040 quod
684 2973 764 3023 certe
784 2964 952 3040 posteriore
973 2975 1107 3040 tempore
1128 2965 1217 3024 etiam
1239 2967 1358 3044 patroni
1380 2965 1412 3025 in

91 3069 152 3128 albo
177 3068 367 3128 decurionum
393 3066 653 3142 perscribebantnr
678 3075 709 3126 et
734 3067 913 3142 quodammo
940 3065 1151 3127 decurionibus
1176 3067 1412 3128 adnumeraban·

91 3177 142 3230 tur.
159 3205 193 3215 -
217 3171 374 3228 Accedunt
395 3169 456 3227 alia
476 3167 548 3228 item
570 3177 601 3228 et
621 3187 702 3228 nora
722 3177 752 3228 et
773 3169 895 3246 cognitu
916 3169 1015 3246 digna.
1059 3169 1211 3229 Patronus
1233 3169 1331 3228 adhuc
1351 3189 1413 3230 cre·

91 3273 222 3332 lebamus
242 3271 342 3330 nullos
363 3270 427 3330 fieri
449 3271 586 3348 potuisse
608 3271 665 3331 nisi
687 3291 726 3331 ex
748 3271 943 3330 decurionum
964 3271 1098 3342 decreto;
1120 3273 1180 3330 iam
1197 3291 1267 3332 vero
1286 3273 1412 3333 addisci·

92 3393 152 3434 mus
178 3374 310 3434 colonias
332 3374 385 3450 qui
407 3373 606 3433 deduxissent
626 3373 716 3450 quive
738 3374 854 3434 colonis
876 3391 966 3452 agros
988 3373 1141 3434 dedissent
1161 3375 1412 3454 adsignaviesent,

92 3478 168 3552 ipsos
192 3477 300 3537 liberos
328 3483 526 3552 posterosque
552 3495 654 3536 eorum
681 3477 749 3554 ipso
770 3477 834 3537 iure
855 3477 919 3536 eius
942 3477 1078 3536 coloniae
1100 3485 1244 3554 patronos
1266 3477 1411 3554 luisse⁶).

92 3579 136 3636 lta
158 3579 233 3656 quod
259 3577 367 3638 Cicero
377 3577 406 3655 ⁷)
435 3578 539 3636 scribit
564 3583 614 3656 qai
640 3582 765 3639 multatos
791 3588 844 3638 out
867 3582 996 3638 nationes
1023 3581 1148 3638 deuictos
1174 3579 1245 3639 hello
1274 3583 1305 3638 in
1326 3581 1414 3656 fidam

94 3686 263 3758 recepissent,
296 3697 392 3740 sorum
413 3689 554 3758 patronos
575 3684 672 3757 juisse
698 3699 774 3740 mora
802 3685 956 3752 maiorum,
988 3681 1125 3742 similiter
1154 3683 1414 3758 interpretabimur

95 3784 140 3860 qui
166 3785 307 3862 populum
335 3783 483 3842 devictum
509 3782 540 3842 iu
566 3782 654 3842 fidem
676 3784 835 3862 receperit,
863 3803 923 3844 non
944 3785 983 3844 ob
1004 3785 1035 3844 id
1056 3785 1232 3844 beneficium
1255 3793 1413 3862 patronum

95 3887 192 3958 creari,
216 3888 270 3946 sed
295 3905 333 3945 eo
359 3886 444 3962 ipsc,
471 3885 552 3962 quod
578 3886 609 3944 iu
634 3885 723 3944 fidem
750 3905 817 3945 euru
842 3889 968 3964 recepit,
995 3897 1154 3964 patronum
1176 3887 1314 3947 effectum
1335 3905 1413 3946 esse.

95 3986 132 4047 Et
150 4007 212 4048 rere
236 3990 282 4051 sic
303 3988 436 4048 redimus
459 3989 498 4048 ad
518 3996 694 4066 patronatus
716 3988 845 4066 genuina
865 3989 1043 4067 primordia3
1070 4009 1138 4050 nam
1161 3999 1194 4048 ut
1214 3991 1246 4050 iu
1267 3990 1332 4050 iure
1353 3990 1412 4066 pri-

98 4181 284 4192 -——-—-—-

241 4251 244 4276 Ι

163 4323 184 4388 ¹)
209 4325 227 4376 1.
240 4341 262 4375 c.
282 4342 308 4392 p.
324 4324 386 4376 341.
400 4325 463 4376 362.

163 4413 186 4479 ¹)
215 4417 306 4470 Cicero
324 4433 372 4484 pro
391 4416 467 4468 Baib.
483 4418 527 4480 16,
541 4418 591 4468 41:
610 4415 746 4486 hospitium
845 4433 898 4469 cum
917 4415 950 4469 L.
968 4415 1083 4471 Cornelio
1100 4417 1242 4470 Gaditanos
1253 4416 1349 4484 secisse
1362 4433 1413 4485 pu-

102 4501 154 4557 hlice
170 4508 238 4562 daho.-
252 4509 385 4578 profem
403 4515 528 4560 tesesrmra

161 4597 183 4663 ι)
212 4603 261 4652 Vel
284 4603 441 4668 gentilitates
466 4602 532 4652 duae
555 4603 638 4667 gentis
655 4603 793 4654 Zoelarum
818 4617 864 4654 eae
888 4619 954 4668 quae
978 4619 1003 4654 a.
1022 4621 1047 4670 p.
1068 4603 1129 4655 Chr.
1144 4606 1178 4653 21
1202 4597 1351 4667 'hospitium
1370 4618 1413 4651 ve-

101 4697 178 4743 tustum
200 4687 340 4762 antiquom’
364 4695 432 4745 inter
460 4710 488 4745 se
512 4701 682 4757 renovarunt,
709 4695 765 4746 solo
791 4711 822 4746 eo
846 4711 900 4746 non
925 4699 1038 4747 contenti
1059 4689 1156 4758 ‘ali(u)s
1179 4697 1259 4746 alium
1282 4697 1310 4744 in
1335 4695 1414 4744 tidem

101 4783 276 4854 clientelamque
300 4803 373 4838 suam
393 4787 548 4853 suorumque
567 4787 707 4838 liberorum
724 4795 936 4855 posterorumque
957 4781 1114 4855 receperunt'
1134 4787 1196 4848 (vol.
1209 4789 1237 4838 11
1257 4787 1412 4838 112633--Ξ

100 4873 164 4928 Orell
180 4879 249 4942 166).

162 4969 184 5033 ¹)
210 4971 263 5024 Pro
282 4971 351 5024 Sest.
365 4973 391 5032 t,
406 4971 432 5023 9.
463 4971 533 5023 Phil.
549 4973 633 5036 2,41,
649 4973 711 5024 107.
732 4973 757 5037 6,
773 4973 798 5036 5,
814 4975 856 5024 13.
887 4975 947 5024 Vel.
965 4923 1177 5036 Max.'9,15,1.
1208 4969 1348 5023 Patronem
1366 4969 1413 5022 ud·

99 5061 189 5114 muers
201 5063 294 5114 Cicero
312 5064 340 5113 iu
359 5063 413 5114 Pis.
429 5065 472 5126 11,
486 5064 530 5114 25.

162 5152 184 5216 ⁵)
211 5155 328 5206 Primum
352 5156 482 5207 iuvenitur
503 5157 572 5222 quod
592 5158 671 5208 sciam
691 5159 719 5209 in
738 5159 826 5209 tabula
844 5173 868 5208 a.
880 5175 906 5224 p.
922 5158 983 5209 Chr.
997 5160 1049 5210 742
1069 5157 1159 5221 (Orell.
1175 5157 1266 5220 3693).
1304 5157 1336 5207 Iu
1354 5171 1414 5207 aere

101 5245 261 5312 untiquisslmo
279 5249 331 5299 rol.
344 5249 358 5299 1
377 5263 402 5298 u.
418 5249 470 5299 632
490 5250 694 5315 supplementum
716 5250 785 5315 quod
798 5252 872 5316 posui
885 5251 1023 5302 oooeuuuu's
1035 5249 1190 5318 co[ptomas]
1204 5249 1353 5300 mutandum
1367 5255 1414 5299 est.

162 5337 185 5403 ί)
210 5343 251 5392 Ita
264 5341 294 5394 Ρ.
309 5341 383 5395 Sulla
401 5340 518 5392 coloniae
536 5357 553 5392 a
565 5359 592 5394 se
604 5343 743 5408 Pompeios
757 5343 883 5394 deductus
897 5349 1021 5409 patronus
1033 5344 1083 5394 luit
1102 5341 1205 5408 (Cicero
1216 5359 1265 5411 pro
1278 5341 1344 5397 Sall.
1358 5340 1413 5407 21).

164 5427 186 5494 ²)
212 5433 252 5484 De
271 5433 340 5486 offic.
362 5433 505 5497 1,11,3t.
