3548 6012
515 657 674 720 Qvnnsr.
695 657 909 713 ercomenon.
929 660 955 710 1.
1355 641 1403 712 49
1424 675 1428 682 ·

323 831 352 890 Τ.
378 830 529 891 mosanas
550 831 670 892 Hermes
697 833 728 891 in
754 832 857 892 tabula
882 831 1006 910 vigilum
1036 853 1063 892 a.
1083 831 1143 892 203
1171 831 1406 894 Kellermannus

401 933 461 1012 rig.
480 932 528 1008 12,
544 934 582 993 27
598 934 685 1012 legit;
707 933 870 994 Hennenus
886 944 915 994 61
930 935 1120 996 Burmannus
1143 933 1177 996 C.
1193 936 1219 996 1.
1234 936 1270 995 L.
1285 935 1329 996 Vl
1346 933 1406 995 220

405 1035 571 1096 2611666166
592 1037 710 1098 babent

325 1137 355 1196 C.
374 1138 529 1200 Tbticanas
544 1139 720 1200 Saturninus
734 1139 765 1199 in
787 1139 818 1200 in
832 1139 995 1218 diplomate
1010 1140 1134 1224 militari
1155 1160 1182 1200 a
1197 1141 1256 1201 108
1280 1139 1354 1202 0.1.
1370 1139 1406 1201 L.

400 1241 459 1316 111,
480 1251 560 1302 xxrt
581 1243 660 1302 inter
681 1249 788 1316 testes3
811 1244 967 1322 genetivus
991 1243 1121 1304 Tbticani
1142 1245 1233 1304 etiam
1255 1244 1407 1306 Tuticanii

401 1362 468 1404 esse
495 1352 611 1423 potest,
638 1354 672 1404 ut
696 1345 825 1423 genetivi
852 1347 1006 1406 nominum
1034 1347 1065 1405 in
1092 1350 1138 1406 ius
1165 1363 1284 1425 semper
1311 1347 1409 1407 solat

401 1447 572 1506 scribuntur
593 1448 624 1506 in
646 1447 820 1526 diplomatis
842 1447 914 1508 illis.

321 1549 531 1608 Torcellinium
547 1557 669 1610 secutus
686 1547 897 1612 Scbdmannus
913 1551 972 1609 iam
995 1571 1020 1610 a.
1040 1549 1120 1610 1840
1142 1551 1173 1610 16
1187 1561 1408 1630 programmate

319 1655 355 1712 de
376 1652 509 1712 meddice
524 1653 618 1712 161166
642 1653 760 1731 (opusc.
778 1654 795 1712 3
818 1673 849 1730 p.
864 1649 941 1729 425)
963 1651 1103 1712 Tuticani
1117 1673 1225 1714 nomen
1242 1656 1410 1732 composuit

320 1775 386 1816 cnm
405 1754 602 1833 Hirpinorum
624 1755 745 1834 oppido,
767 1755 846 1832 quod
869 1755 927 1814 tuit
948 1754 1053 1832 Equus
1069 1755 1194 1816 Tuticus
1217 1757 1259 1834 (v.
1283 1758 1410 1817 Momm-

319 1859 384 1918 seni
406 1859 478 1917 dial.
500 1857 538 1916 lt.
561 1857 614 1917 161.
636 1875 664 1934 p.
683 1857 772 1934 304),
802 1857 887 1918 66166
914 1875 1022 1918 nomen
1048 1859 1088 1918 ab
1110 1857 1191 1918 Osco
1218 1869 1298 1920 teuta
1319 1848 1410 1918 uarvo'v

319 1961 525 2022 derivandum.

117 2059 247 2122 1661616
322 2063 454 2124 Variana
473 2063 505 2124 C.
521 2067 549 2142 f.
569 2061 654 2123 0666
674 2062 789 2123 116666
812 2060 1068 2123 0.1.1..11097
1092 2063 1230 2124 lectionis
1252 2083 1312 2125 non
1335 2065 1409 2125 satis

405 2174 512 2227 certae.

320 2269 358 2329 L.
379 2269 524 2330 Varianae
539 2269 654 2330 Romae
668 2269 699 2328 16
715 2285 819 2329 museo
826 2266 974 2328 Vaticano
988 2269 1060 2346 pall.
1074 2269 1133 2348 lap.
1146 2269 1247 2348 suppl.
1259 2279 1373 2348 parcnt.
1385 2271 1411 2344 Ι,

405 2372 566 2450 descripsit
586 2371 758 2432 Hennenus.

320 2473 415 2534 Varia
441 2475 473 2534 16
499 2473 620 2536 Sabinis
645 2491 684 2533 ex
705 2473 835 2534 Horatio
857 2475 944 2551 epist.
965 2473 1091 2547 1,14,3
1115 2481 1186 2534 nota
1207 2483 1261 2534 661.
1299 2475 1412 2536 Vareia

319 2577 486 2656 Hispaniae
507 2577 743 2637 Tarraconensis
770 2577 831 2653 (its
857 2595 913 2655 pro
937 2575 1027 2636 Varia
1053 2577 1121 2636 libri
1144 2577 1236 2636 Plinii
1262 2578 1367 2655 optimi
1391 2579 1408 2638 3

321 2677 337 2756 ξ
354 2664 417 2752 213'
435 2680 602 2740 Ptolemaei
622 2678 656 2754 2,
672 2681 707 2750 6,
725 2681 763 2740 55
786 2669 928 2762 Ουἰίρεια)
949 2687 1051 2756 potest
1072 2680 1189 2756 origine
1209 2698 1268 2738 non
1290 2681 1412 2740 diversa

320 2783 431 2856 suisse;
452 2802 520 2842 nam
544 2783 634 2841 etiarn
654 2782 778 2842 Vereins
799 2781 909 2858 gentile
931 2791 1050 2859 praeter
1072 2781 1176 2841 Varios
1197 2783 1354 2859 reperitur.

115 2879 303 2944 llursrusrrvs
321 2885 355 2943 P.
376 2885 571 2945 Vaoisalanue
592 2885 623 2943 T.
640 2885 667 2959 s.
690 2885 722 2943 in
743 2885 835 2943 116616
857 2885 888 2943 di
911 2883 997 2944 fileto
1019 2902 1113 2961 prope
1134 2884 1280 2944 Mutinam
1304 2886 1409 2946 ballett.

111 3067 114 3074 Ι
408 2987 475 3048 dell'
495 2991 561 3048 inst.
588 2986 666 3047 1856
689 3006 717 3064 p.
735 2986 784 3047 50.

48 3103 49 3122 ³
114 3084 229 3149 Varenus
325 3089 357 3149 C.
378 3090 504 3151 Vetanus
520 3090 552 3149 C.
576 3089 594 3147 l.
610 3089 757 3168 Epaplra
776 3089 956 3168 Augustalis
977 3089 1009 3148 in
1031 3088 1111 3148 Foro
1128 3087 1298 3168 Sempronii
1322 3089 1410 3152 Grut.

408 3192 477 3262 150,
493 3193 512 3250 4
529 3215 566 3242 =
583 3189 718 3252 Fabretti
733 3191 804 3266 406,
821 3193 891 3265 316,
914 3191 966 3269 qni
986 3191 1069 3250 vidit.

321 3293 361 3354 L.
380 3295 505 3356 Vetanus
520 3293 599 3370 L.s.
618 3293 722 3354 Vitatis
744 3303 904 3355 veteranus
927 3315 965 3355 ex
988 3295 1109 3354 cohorte
1131 3296 1282 3372 praetoria
1295 3296 1411 3357 Romae

404 3395 602 3456 Kellermann
617 3396 684 3474 vig.
704 3395 771 3456 148.

321 3501 355 3560 P.
380 3499 479 3560 Veiane'
500 3499 620 3560 1166611
641 3499 672 3558 16
693 3499 838 3560 laterculo
859 3520 886 3560 a.
905 3499 965 3558 210
988 3497 1023 3560 G.
1038 3499 1063 3558 Ι.
1079 3497 1116 3557 L.
1131 3499 1176 3560 VI
1194 3499 1272 3560 1067
1297 3501 1341 3578 (l,
1357 3518 1412 3574 1213

405 3603 484 3680 apud
506 3601 752 3662 Kellermannum
768 3602 837 3680 Vig.
856 3605 883 3675 1,
900 3601 928 3676 2,
946 3619 971 3660 ar
994 3601 1072 3660 male
1094 3602 1197 3662 Valent
1218 3603 1384 3682 scribitur).

323 3695 486 3767 Beneventi
513 3723 610 3783 pagus
632 3704 766 3766 Velenus
793 3712 857 3764 erat
885 3704 929 3781 (I.
946 3703 985 3764 N.
1004 3705 1082 3764 1487
1101 3731 1137 3754 =
1159 3703 1285 3764 Heuzen
1302 3705 1411 3784 5168);

323 3817 442 3886 praeter
456 3807 626 3867 Tuscorum
641 3806 735 3868 Veios
756 3807 884 3867 fortasse
906 3807 992 3866 locus
1007 3807 1083 3865 Veia
1104 3807 1203 3866 dictus
1226 3808 1332 3868 extitit.

112 3899 298 3988 ernerattrs
325 3911 442 3990 (lippus
470 3911 636 3970 terminalis
658 3909 774 3970 Romae
801 3911 832 3970 in
855 3910 943 3988 vinea
957 3909 1046 3969 Virili
1069 3929 1088 3968 a
1108 3908 1220 3969 Rossio
1242 3909 1412 3991 descriptus

325 4015 400 4074 haec
423 4014 513 4073 babet

734 4113 962 4158 vnnrnsrnuoav

734 4216 893 4261 lNFRONTE
915 4218 939 4258 l’·

324 4321 455 4386 Enotavi
484 4340 522 4380 cx
548 4319 667 4380 schedis
689 4319 835 4380 Henneni.
879 4319 979 4380 Fundi
1004 4320 1094 4398 igitur
1115 4319 1228 4380 domini
1244 4319 1413 4380 Velineiani

327 4425 409 4496 dicti,
431 4425 511 4500 quod
534 4442 651 4496 nomen,
673 4439 733 4482 non
755 4439 920 4501 cognomen
942 4423 1037 4483 luisse
1058 4423 1215 4500 probabile
1237 4431 1292 4482 eet.

369 4525 499 4586 Velinus
518 4527 602 4586 lacus
624 4533 654 4584 61
675 4526 784 4586 fluvius
806 4525 1016 4604 propellente
1039 4525 1140 4602 (cuius
1162 4544 1229 4584 curn
1244 4523 1414 4585 16116116-

327 4649 393 4688 rnae
420 4639 450 4688 et
477 4629 507 4688 in
528 4627 664 4688 Lucania
685 4647 794 4688 nomen
816 4635 1018 4706 comparatum
1043 4637 1102 4702 661,
1131 4627 1168 4686 61.
1192 4626 1361 4688 Corssenus
1383 4628 1414 4686 in

255 4715 259 4723 ¹
326 4731 442 4792 Kubnii
472 4731 628 4792 annalibus
649 4731 666 4790 3
689 4751 718 4809 p.
736 4729 815 4808 260)
837 4731 960 4808 saepius
983 4732 1183 4790 nominantur.
1226 4731 1301 4790 Inde
1323 4731 1412 4790 etiam

327 4835 453 4908 Velina,
482 4835 563 4912 quod
591 4835 687 4894 tribus
714 4850 822 4892 nomen
844 4851 911 4893 esse
932 4842 1035 4892 notum
1058 4840 1118 4908 661,
1148 4841 1178 4892 61
1199 4830 1339 4892 Velineia
1364 4832 1416 4910 (ut

327 4937 413 4996 Teba
442 4945 472 4996 et
492 4936 623 5013 Tebeie)
650 4935 714 4995 fieri
741 4943 915 5013 potuerunt;
939 4933 1059 4995 Velleia
1085 4944 1114 4995 ct
1140 4935 1249 4995 fundus
1268 4934 1414 4994 Vellanns

328 5039 437 5118 (prope
458 5037 634 5099 Histonium
654 5037 779 5096 Henzen
796 5036 892 5114 6432)
915 5037 1055 5096 similiter
1076 5037 1212 5097 derivata
1234 5044 1312 5097 6661.

115 5127 296 5201 l'tsmrnuvs
331 5141 367 5214 Q.
390 5142 571 5224 Venafranae
593 5141 706 5201 Probus
729 5137 833 5200 Casini
855 5139 881 5199 I.
899 5139 938 5200 N.
955 5140 1037 5199 4300
1055 5139 1115 5216 ’(16
1136 5139 1237 5219 lapide
1259 5147 1305 5200 est
1326 5139 1415 5199 Vena·

405 5246 494 5321 srant'
515 5245 698 5326 genetivus).

1171 5347 1190 5405 4
