3520 6006
358 571 429 642 186
928 587 1107 640 conssau:

250 815 255 828 ,
359 762 416 820 76.
459 761 579 821 Tabula
600 762 767 822 marmorea
792 761 888 820 fracta
914 761 1022 820 litteris
1048 759 1166 818 Latinis
1188 764 1335 838 inscripta
1355 759 1509 820 deficiente
1535 763 1676 838 superiore

399 865 463 922 eius
484 873 582 940 paute,
616 866 737 924 inventa
768 867 799 922 in
829 882 902 940 agro
929 861 1079 921 Frentano
1109 883 1127 921 a
1156 861 1291 922 teneaat
1317 863 1446 922 Riualdo
1475 879 1569 940 prope
1595 862 1676 922 Cucu-

398 966 528 1038 ealendo,
550 978 614 1026 tum
636 965 716 1043 apud
738 965 839 1025 Andr.
864 964 991 1037 Carabu,
1014 983 1092 1024 nunc
1118 969 1148 1023 in
1171 983 1275 1026 museo
1296 964 1514 1044 Neapolitano:

589 1103 795 1218 urat>

418 1270 517 1330 lnce
540 1269 776 1331 AMANAFED
799 1269 859 1366 ESI
874 1268 956 1346 [dum
1264 1271 1312 1329 hic
1334 1272 1468 1346 perfecit,
1490 1271 1569 1330 idem

578 1407 798 1471 PROFATED
1337 1411 1485 1488 probavit.

433 1585 537 1668 ¹Tituli
567 1587 772 1663 apographum
799 1585 882 1644 misit
905 1581 942 1642 R.
970 1581 1120 1656 Sabeone,
1153 1603 1191 1644 ex
1219 1603 1279 1662 quo
1306 1595 1447 1662 apparet,
1475 1588 1543 1644 eius
1565 1585 1680 1662 primum

357 1705 478 1747 versum
499 1687 593 1746 fracto
615 1687 714 1763 lapide
735 1687 779 1746 ita
797 1688 965 1746 mutilatum
987 1705 1022 1744 ac
1041 1705 1136 1762 paene
1151 1687 1281 1746 deletum
1297 1705 1373 1758 esse,
1395 1699 1428 1744 ut
1441 1699 1560 1745 tanturn
1575 1686 1682 1745 infimae

358 1790 524 1868 particulae
545 1790 634 1848 trium
656 1789 706 1848 vel
727 1799 869 1866 quattuor
889 1789 1053 1848 litterarum
1075 1799 1196 1860 restent,
1218 1809 1345 1867 quarum
1367 1790 1451 1848 nulla
1473 1789 1575 1866 qualis
1596 1789 1683 1858 fuerit,

358 1913 413 1970 pro
435 1903 516 1952 certo
538 1891 682 1950 affirmari
702 1901 811 1970 potest.
854 1891 895 1950 Et
917 1897 960 1951 sic
981 1910 1036 1968 ego
1058 1893 1125 1968 ipse
1147 1891 1208 1951 vidi
1223 1893 1355 1952 tabulam
1378 1893 1415 1950 ed
1431 1893 1579 1968 parietem
1600 1889 1682 1950 musei

357 1994 550 2072 Neapolitani
580 1993 725 2068 adfixam,
763 1996 863 2072 ibique
893 1995 1005 2054 frustra
1036 2013 1075 2052 ex
1111 1995 1255 2072 relliquiis
1287 1995 1375 2073 primi
1409 2013 1518 2054 versus
1551 1994 1684 2053 vocabula

359 2095 442 2158 Osca
469 2097 626 2156 restituere
660 2109 784 2156 conatus
819 2115 895 2156 sum.
949 2096 1082 2156 Titulum
1117 2095 1262 2157 Garruoci
1297 2099 1426 2175 primum
1455 2097 1624 2174 publicarit
1651 2115 1683 2153 ex

359 2200 535 2279 apographo
573 2203 610 2260 A.
645 2197 781 2260 Oarabae
817 2201 897 2258 hunc
929 2201 961 2258 in
994 2199 1124 2270 modum,
1183 2199 1304 2258 Mentor.
1335 2199 1436 2260 Ercol.
1471 2201 1586 2260 d'nrclt.
1626 2197 1684 2268 l'II,

360 2303 495 2380 Append.
513 2322 546 2379 p.
569 2303 622 2360 26:
660 2303 700 2360 N.
724 2302 814 2360 Bairi
834 2302 875 2360 N.
898 2321 934 2362 nt.
958 2312 976 2360 t.
999 2319 1022 2360 c.
1046 2312 1064 2360 t.
1087 2319 1171 2360 oram
1190 2299 1195 2380 Ι
1213 2305 1275 2362 tuce
1296 2303 1453 2376 amuaased
1474 2305 1587 2362 eaidum
1604 2301 1685 2378 lpru·

353 2406 446 2480 sared.
501 2405 537 2462 In
564 2405 668 2463 eodem
700 2413 784 2462 textu
818 2409 962 2482 scriptum
994 2405 1085 2463 habet
1112 2407 1251 2482 profoted
1285 2403 1424 2465 Guarini.
1483 2406 1547 2464 Iter
1584 2421 1684 2480 napum,

361 2507 481 2567 Mansio
510 2507 597 2579 VIII,
620 2507 731 2584 Napoli
751 2507 837 2578 1851,
857 2527 888 2583 p.
910 2506 945 2578 9,
976 2525 1014 2565 ex
1036 2506 1120 2566 cuius
1143 2507 1233 2578 libro,
1262 2525 1351 2583 quem
1372 2508 1438 2584 ipse
1460 2507 1615 2584 inspicere
1635 2521 1684 2564 non

363 2611 458 2688 potui,
493 2607 531 2669 G.
560 2593 598 2667 de'
622 2609 714 2668 Petra
741 2609 815 2668 haec
836 2609 910 2668 mihi
932 2611 1023 2668 verba
1043 2609 1200 2686 rescripsit
1232 2609 1269 2669 de
1295 2611 1354 2669 hoo
1374 2610 1461 2669 titulo
1486 2610 1578 2682 dicta,
1606 2629 1638 2686 p.
1656 2607 1686 2664 9.-

360 2712 418 2786 „ln
444 2711 554 2788 oppido
585 2711 797 2770 Catucalemlae
827 2729 921 2788 prope
948 2711 1094 2770 Larinum
1122 2711 1329 2771 &octonorum
1357 2713 1393 2770 ab
1420 2733 1468 2772 an.
1493 2731 1592 2789 usque
1616 2709 1684 2770 1844
1744 2779 1745 2784 η

362 2815 519 2886 detectum,
542 2813 674 2891 mihique
695 2815 840 2872 hactenus
868 2833 984 2874 summo
1012 2815 1112 2874 studio
1139 2815 1328 2874 occultatum.
1371 2813 1466 2886 Suum
1495 2815 1605 2874 deinde
1626 2811 1687 2870 lecit

362 2917 531 2976 Ambrosius
565 2915 680 2975 Corudu
711 2935 759 2974 an.
785 2916 875 2988 1847,
908 2917 1031 2994 eiusque
1053 2917 1239 2994 exemplaria
1273 2918 1358 2976 varia
1384 2925 1446 2976 tum
1474 2918 1606 2977 Romam
1630 2933 1686 2973 cum

362 3018 524 3097 Neapolim
545 3019 754 3078 transmissa.“
797 3019 871 3078 Inde
892 3020 1084 3097 intellegitur,
1107 3019 1195 3079 etiam
1217 3020 1296 3078 hunc
1316 3019 1412 3079 virum
1436 3020 1560 3080 doctum
1583 3015 1688 3078 nonnisi

362 3141 402 3180 ex
423 3121 599 3200 apographo
621 3119 757 3180 Oarabae
777 3122 898 3181 nouisse
920 3123 1049 3182 titulum.
1092 3123 1206 3182 Postea
1221 3119 1368 3182 Garrucci
1390 3123 1428 3181 ab
1451 3123 1560 3184 eodem
1582 3133 1688 3181 auctore

362 3224 438 3283 alias
459 3223 604 3282 lectiones
626 3223 750 3302 protulit
771 3235 861 3300 atque
883 3231 981 3284 antea.
1024 3225 1106 3283 Ball.
1130 3226 1209 3285 orel.
1230 3225 1310 3302 Nup.
1331 3245 1377 3284 nv.
1400 3244 1424 3284 a.
1446 3225 1475 3296 I,
1496 3246 1530 3302 p.
1549 3225 1598 3296 83,
1619 3223 1690 3282 cal.-

362 3326 406 3385 Νι·
426 3325 515 3384 Bairi
535 3325 588 3398 Η.,
609 3345 651 3384 ve.
674 3327 708 3385 3.-
736 3328 892 3404 prosated5
922 3328 992 3386 inde
1013 3327 1138 3400 Hersen,
1174 3327 1253 3386 Ball.
1276 3329 1304 3386 d.
1327 3328 1400 3386 Inet.
1423 3328 1575 3400 a.1852‚
1599 3347 1627 3403 p.
1649 3324 1688 3392 912
1743 3393 1744 3402 ,

362 3429 414 3488 ubi
444 3429 555 3505 legitur
586 3447 627 3485 ca.
652 3428 689 3486 2:
723 3428 807 3502 koce,
834 3431 965 3488 Fohretti
998 3431 1028 3488 C.
1052 3431 1080 3488 I.
1102 3432 1140 3489 It.
1162 3449 1191 3488 a.
1214 3431 1299 3489 2871.
1342 3429 1480 3503 Eutimia,
1517 3431 1554 3490 F.
1577 3431 1604 3487 d.
1628 3425 1687 3486 ott.
1743 3405 1744 3466 l

363 3531 432 3608 Spr.
455 3551 482 3588 n.
504 3529 630 3588 XXIX.
674 3531 839 3607 Postquam
862 3532 939 3610 lapis
961 3549 1041 3592 anno
1066 3531 1144 3592 1862
1167 3551 1186 3589 a
1207 3529 1327 3590 Oaraba
1349 3533 1487 3592 venditus
1509 3534 1542 3591 in
1564 3547 1687 3591 museum

362 3632 599 3709 Neapolitanum
621 3632 724 3692 illatus
747 3644 802 3705 est,
824 3653 912 3693 nemo
934 3635 1011 3692 vidit
1031 3636 1162 3712 integras
1178 3635 1267 3710 primi
1290 3653 1397 3693 versus
1412 3635 1541 3708 litteras,
1564 3651 1637 3710 quas
1656 3647 1686 3686 ex

366 3727 449 3794 illius
472 3736 647 3814 apographo
670 3735 795 3810 protulit
811 3734 965 3810 Gamnoni,
989 3736 1042 3795 scd
1063 3737 1191 3814 primum
1208 3734 1342 3796 Schoene
1364 3737 1439 3794 nihil
1460 3737 1522 3795 nisi
1544 3733 1687 3810 relliquias

364 3837 429 3897 eius
463 3857 557 3914 paene
589 3837 733 3896 evanidas
761 3839 906 3914 repperit,
939 3849 1001 3897 tum
1029 3839 1147 3898 demum
1177 3837 1302 3897 Florelli
1333 3858 1371 3897 ex
1400 3839 1443 3897 eis
1480 3835 1687 3899 restituendum

363 3941 481 4017 putavit
501 3940 615 3998 litteras
639 3949 779 4016 quattuor
800 3945 831 3998 ai
847 3985 853 3998 .
871 3942 927 4012 ba,
961 3951 991 4000 et
1012 3942 1150 4000 cancellis
1171 3941 1439 4022 inclusasaddidit
1460 3951 1620 4018 sequentes
1640 3935 1689 3995 ca-

346 4043 455 4101 ·rabae
477 4041 602 4113 litteras,
636 4043 728 4102 Cotol.
754 4061 825 4100 mua.
852 4043 931 4119 Nup.
958 4045 1047 4104 Raro.
1070 4047 1159 4120 epigr.
1182 4063 1210 4101 n.
1233 4043 1303 4102 13-1.
1347 4043 1413 4102 Has
1436 4053 1537 4102 autem
1565 4059 1620 4121 ego
1639 4040 1688 4096 iam

364 4152 453 4202 antea
484 4145 516 4202 in
549 4145 750 4220 suspicionem
773 4147 927 4204 vocandas
953 4147 1133 4218 existimavi,
1167 4145 1246 4222 quod
1268 4146 1398 4204 formula
1419 4145 1544 4222 m(edic)
1568 4137 1685 4219 dutiae)
1742 4139 1743 4198 j

365 4247 515 4322 a(enutela)
551 4246 719 4323 t(anpt'nud)
755 4247 786 4305 in
822 4249 906 4308 nullo
942 4249 1003 4307 alio
1039 4249 1160 4324 linguae
1187 4247 1286 4307 Oscae
1318 4259 1510 4306 monumento
1543 4247 1591 4306 his
1622 4241 1689 4302 notis
1742 4323 1743 4330 ἵ

366 4351 478 4427 scripta
498 4349 678 4425 reperiatur,
708 4359 737 4407 et
763 4361 832 4427 post
858 4371 925 4410 eam
951 4352 1130 4410 vocabulum
1158 4369 1242 4408 aram
1268 4369 1328 4408 non
1355 4349 1468 4409 Oscum
1497 4351 1540 4408 sit
1566 4347 1618 4408 sed
1638 4344 1687 4402 La·
1742 4333 1743 4406 l

366 4453 460 4510 tinum
482 4451 531 4526 (Z.
547 4455 575 4528 s.
598 4451 686 4528 verpl.
715 4449 784 4527 Spr.
807 4453 868 4524 XI,
898 4455 965 4524 427,
992 4453 1075 4530 aot).
1120 4452 1177 4510 His
1205 4453 1343 4511 omnihus
1371 4453 1462 4529 igitur
1488 4449 1643 4530 perpensis
1662 4445 1686 4502 in
1742 4437 1743 4510 l

366 4573 432 4613 eam
454 4573 501 4612 me
524 4555 703 4612 sententiam
725 4553 884 4613 deductum
907 4555 1005 4628 video,
1027 4566 1060 4612 ut
1082 4555 1208 4630 primum
1227 4573 1345 4613 versum
1360 4555 1568 4632 inscriptionis
1589 4552 1624 4610 de
1637 4564 1688 4624 qua
1742 4541 1743 4554 ¹

367 4661 465 4734 agitur
491 4676 511 4715 a
536 4653 656 4715 Oaraba
677 4675 737 4714 non
760 4657 812 4728 ita,
840 4667 873 4715 ut
894 4657 1024 4735 scripsit,
1052 4658 1198 4733 integrum
1220 4659 1252 4716 in
1273 4657 1377 4716 tabula
1397 4657 1496 4716 oculis
1516 4657 1611 4714 visum
1632 4667 1688 4710 esse
1742 4689 1743 4736 l

366 4758 479 4830 dicam,
517 4759 570 4817 sed
596 4759 757 4816 maximam
784 4771 900 4834 partem
927 4760 1092 4836 exipsius
1113 4761 1234 4836 ingenio
1257 4759 1389 4818 additum
1417 4759 1456 4818 ad
1477 4757 1686 4836 inscriptionem

367 4860 565 4939 supplendam
589 4871 619 4919 et
639 4861 861 4920 restituendam.
906 4861 1045 4938 Denique
1059 4861 1278 4920 observandum
1294 4869 1351 4932 est,
1373 4861 1461 4919 etiam
1483 4861 1598 4940 integra
1611 4857 1687 4914 huius

366 4963 573 5039 inscriptionis
595 4963 687 5022 verba
707 4963 844 5022 recedere
866 4981 926 5022 non
942 4964 1038 5023 solum
1061 4983 1080 5022 a
1102 4963 1252 5022 scribendi
1267 4982 1359 5035 more,
1381 4963 1537 5023 sedetiam
1559 4981 1577 5020 a
1596 4955 1687 5019 formis

367 5065 581 5125 vocabulorum
610 5067 731 5143 linguae
759 5065 865 5126 Oscae.
909 5065 1048 5142 Namque
1075 5085 1129 5142 pro
1152 5067 1342 5140 aumanuffecl,
1370 5065 1518 5124 habemus
1538 5058 1686 5134 amunaseds

367 5185 422 5246 pro
450 5169 778 5246 prisatted:prosuted,
812 5169 883 5245 quin
916 5169 1006 5226 etiam
1039 5187 1094 5245 pro
1121 5167 1205 5227 Osca
1229 5169 1415 5245 pronominis
1443 5168 1541 5226 forma
1569 5163 1628 5224 Iule
1648 5157 1685 5215 vel

367 5275 429 5332 itt-c
450 5271 582 5331 eiusdem
605 5273 724 5351 generis
747 5281 780 5330 ut
801 5271 872 5342 io-lc,
895 5275 962 5344 io-c,
991 5275 1079 5344 loa-c,
1102 5270 1189 5344 elci-lc,
1212 5269 1308 5343 elta-lc,
1332 5270 1446 5344 elesa-lc,
1475 5267 1584 5340 elesa-lc,
1605 5279 1684 5328 eta-⁶,
