3510 6014
540 635 756 686 rurvrueum
775 634 947 684 ururuvu.
1332 610 1405 680 463

127 807 266 884 Diploma
291 808 463 882 confirmat,
491 809 573 884 quod
600 809 643 867 ait
668 808 728 867 Dio
757 809 806 879 53,
832 807 884 880 17,
912 823 967 866 nos
994 815 1094 864 autem
1123 805 1220 864 adbuc
1247 823 1306 861 non
1335 807 1407 862 satis

80 911 317 982 attenderemus,
341 911 530 988 proconsulis
553 911 671 970 nomine
693 900 889 988 imperatores
912 929 932 966 a
953 907 1085 966 Traiano
1107 908 1177 966 iude
1198 907 1312 965 tamdiu
1334 923 1407 963 usos

81 1031 159 1084 esse,
180 1014 322 1089 quamdiu
342 1023 428 1072 extra
442 1015 542 1073 urbem
566 1010 712 1089 essent¹);
735 1033 803 1072 nam
818 1013 900 1090 quod
921 1012 1110 1088 proconsulis
1126 1009 1289 1088 appellatio
1305 1008 1408 1065 Marco

81 1135 143 1172 non
166 1117 262 1186 datur,
290 1117 378 1174 datur
399 1116 503 1186 Lucio,
527 1118 675 1192 pertineat
696 1135 819 1176 neccsse
840 1125 887 1174 est
908 1115 945 1172 ad
968 1115 1079 1173 bellum
1103 1133 1137 1174 eo
1160 1123 1292 1190 tempore
1315 1109 1409 1167 Lucio

82 1218 158 1276 duce
180 1229 283 1276 contra
297 1218 427 1277 Parthos
450 1229 576 1298 gestum.
620 1220 694 1295 Ipsa
708 1229 843 1296 tempora
857 1225 935 1276 recte
951 1219 1139 1276 conveniunt.
1188 1214 1266 1273 Nam
1282 1213 1409 1271 Lucium

81 1337 149 1376 cum
173 1331 288 1378 constet
315 1333 421 1396 quater
447 1323 478 1379 iu
505 1320 629 1380 Oriente
656 1323 781 1381 hiemem
808 1323 908 1398 egisse
936 1321 1013 1396 (vita
1035 1319 1106 1378 Veri
1128 1338 1153 1376 c.
1171 1317 1219 1394 7),
1245 1316 1410 1394 profectum

82 1431 182 1480 autem
215 1441 281 1482 esse
314 1424 465 1498 aliquanto
499 1435 567 1499 post
593 1435 746 1501 acceptum
773 1425 929 1500 imperium
957 1444 984 1482 a.
1011 1423 1079 1494 161,
1108 1421 1188 1498 quod
1214 1419 1325 1478 dudum
1354 1418 1411 1476 viri

81 1525 161 1584 docti
190 1535 358 1584 statuerunt
383 1528 497 1586 exiisse
524 1547 591 1585 eum
619 1545 646 1584 a.
673 1525 745 1600 162,
773 1546 925 1585 reversum
952 1545 1020 1584 esse
1047 1545 1074 1584 a.
1100 1524 1174 1597 166,
1200 1525 1250 1581 lex
1271 1523 1344 1579 haec
1369 1521 1412 1578 ita

79 1627 252 1700 confirmat,
286 1637 318 1686 ut
349 1649 410 1686 non
442 1639 511 1688 ante
544 1648 676 1689 mensem
710 1631 852 1688 Martium
880 1651 906 1690 a
933 1629 990 1687 166
1023 1628 1150 1686 Romam
1184 1647 1251 1686 eum
1284 1625 1411 1682 rediisse

80 1731 228 1789 ostendat.
273 1730 375 1788 Rediit
401 1741 499 1790 auteur
527 1733 630 1808 paullo
656 1745 726 1810 post
752 1751 845 1808 eoque
872 1743 1021 1808 tempore,
1049 1731 1163 1788 scilicet
1189 1729 1331 1803 triumphi
1353 1727 1411 1784 acti

81 1834 120 1890 ob
148 1835 229 1892 bella
253 1835 466 1894 Armeniacum
493 1847 523 1893 et
550 1835 722 1894 Parthicum
755 1835 882 1893 feliciter
908 1847 1043 1913 peracta,
1069 1843 1138 1892 ante
1165 1832 1242 1891 diem
1270 1833 1347 1906 Aug.
1371 1829 1410 1886 23

79 1935 217 1994 ciusdem
245 1939 330 2010 anni,
362 1947 395 1994 ut
424 1957 516 2014 supra
543 1937 586 2015 (p.
610 1937 670 1997 462
699 1937 759 1996 riot.
783 1938 815 2012 7)
843 1939 957 2008 monui,
992 1939 1189 2014 imperatores
1217 1941 1247 1992 ct
1273 1941 1410 2010 quartam

80 2038 326 2097 acclamationem
359 2039 581 2115 imperatoriam
610 2040 795 2099 admiserunt
826 2053 856 2098 et
882 2041 991 2100 Medici
1018 2039 1264 2116 appellationem,
1291 2035 1411 2094 Marcus

79 2153 236 2218 praeterea
257 2160 366 2200 nomen
389 2141 523 2201 Parthici
545 2143 677 2202 maximi.
809 2141 814 2156 '

81 2328 288 2338 ———

162 2452 187 2517 ¹)
208 2453 326 2518 Exposui
350 2453 382 2503 de
405 2455 455 2505 hac
479 2454 641 2518 proconsulis
666 2455 838 2519 appellatione
862 2454 981 2504 sollemni
1001 2454 1070 2514 (nam
1090 2468 1138 2502 usu
1158 2453 1255 2518 rulgari
1275 2466 1332 2501 eam
1351 2464 1411 2499 corr-

82 2555 131 2595 stut
161 2553 310 2611 perpetuam
339 2547 435 2597 iactam
464 2563 519 2598 esse
547 2548 689 2612 imperanto
717 2546 824 2608 Seuero)
853 2543 1011 2596 Staaurectt
1030 2549 1054 2606 2,
1077 2546 1139 2596 7³6.
1165 2545 1226 2594 793.
1252 2546 1335 2606 1067,
1366 2543 1411 2592 sed

80 2653 172 2688 rereor
192 2654 225 2688 ne
245 2639 272 2688 in
293 2655 323 2688 eo
339 2641 487 2702 erraverim,
509 2640 578 2704 quod
596 2640 727 2704 antiquam
744 2640 954 2690 cousuetudinem
975 2639 1002 2688 in
1022 2639 1083 2704 ipsis
1104 2638 1201 2702 legibus
1221 2637 1253 2685 ab
1273 2638 1411 2701 imperato-

81 2732 152 2780 ribus
179 2731 247 2780 datis
267 2739 325 2782 ante
350 2733 377 2782 in
402 2733 595 2782 desuetudinem
621 2733 715 2782 abiisse
741 2734 830 2794 statui,
863 2747 939 2797 quam
964 2731 1142 2782 Diocletianus
1171 2730 1318 2779 universum
1347 2729 1412 2776 illud

80 2824 174 2872 ltaliae
199 2825 440 2890 provinciarumque
466 2826 604 2874 discrimen
630 2825 738 2874 tolleret.
777 2825 844 2873 Nam
863 2825 1044 2889 Philipporum
1068 2823 1177 2872 duorum
1202 2822 1269 2886 leges
1292 2823 1366 2870 datae
1386 2822 1411 2870 d.

81 2919 123 2966 26.
145 2917 213 2966 Dec.
235 2917 285 2966 247
306 2924 331 2966 et
351 2921 375 2966 7.
395 2918 452 2966 Ian.
473 2920 524 2967 248
551 2933 608 2968 cum
631 2919 699 2982 patri
718 2918 926 2982 proconsulatum
947 2917 1067 2978 tribuant,
1091 2916 1146 2964 lilio
1165 2921 1266 2978 negent,
1286 2929 1319 2963 ex
1339 2930 1411 2964 num·

82 3012 130 3060 mis
151 3015 237 3058 autem
259 3016 356 3059 constet
374 3010 511 3076 Philippos
530 3025 597 3060 anuo
619 3011 670 3060 216
692 3009 860 3060 Germanicos
882 3011 1010 3060 maximos
1031 3009 1155 3072 Carpicos
1175 3008 1303 3057 maximos
1325 3008 1411 3072 appel-

80 3103 149 3152 latos
175 3116 231 3150 esse
256 3101 365 3162 (Echhcl
390 3101 415 3164 7,
438 3101 509 3164 323),
535 3102 714 3166 probabiliter,
739 3111 767 3151 ut
792 3103 886 3152 dudum
912 3103 1011 3152 monuit
1035 3101 1217 3152 Tillemontius
1237 3099 1261 3160 3,
1278 3100 1340 3160 268,
1361 3115 1411 3164 quo

80 3202 200 3259 ternpore
224 3195 292 3258 leges
318 3209 362 3244 eae
386 3195 461 3244 datae
486 3201 552 3255 sunt,
580 3202 653 3261 pater
678 3201 722 3244 aut
741 3211 798 3244 cum
813 3195 949 3246 Germanis
969 3201 1089 3244 anteum
1110 3193 1201 3258 Carpis
1221 3193 1316 3242 bellum
1334 3193 1413 3255 gessit

81 3289 136 3337 lilio
157 3301 239 3351 puero
253 3286 351 3337 Romae
371 3288 475 3349 relicto;
501 3303 577 3352 quam
596 3289 768 3338 coniecturam
789 3303 854 3352 quae
877 3294 1011 3352 praetcrea
1030 3287 1062 3335 de
1083 3287 1115 3336 iis
1134 3286 1208 3335 bellis
1227 3285 1321 3334 traditu
1341 3299 1412 3334 acce·

80 3383 168 3445 pimus
196 3379 275 3428 exilia
300 3386 326 3428 et
349 3381 496 3444 perturbata
523 3379 650 3440 (Zosimus
673 3381 697 3442 1,
718 3383 766 3442 ‘20;
796 3380 932 3445 Dexippus
957 3379 988 3428 lr.
1016 3377 1065 3428 176
1089 3377 1184 3440 Diud.;
1211 3377 1328 3427 Iordanis
1353 3377 1412 3429 Get.

83 3473 205 3534 16-16)
222 3473 328 3522 omnino
346 3473 492 3522 admittunt.
