3520 6006
340 593 415 665 194
908 615 1089 668 consens:

335 788 480 866 imagines
508 789 661 865 galearum
694 808 761 850 oum
787 789 884 848 titulis
915 797 1051 850 accurate
1077 789 1270 849 adumbratas
1291 789 1473 866 publicarit,
1502 789 1653 848 sedetiam

335 899 445 948 statum
474 898 561 967 atque
591 892 736 968 originem
764 891 921 968 utriusque
947 893 1075 950 cassidis
1104 893 1262 972 diligenter
1288 891 1490 962 examinavit,
1517 892 1653 950 Anticlitn'

335 992 381 1050 del
407 993 509 1052 Museo
536 995 567 1051 di
594 993 1114 1071 Patamo‚tas.11‚4.a.6p
1139 995 1178 1054 46
1205 1013 1248 1070 sq.
1297 991 1435 1070 Cumque
1464 1011 1521 1070 ego
1548 993 1654 1052 collatis

334 1093 477 1154 Panormi
506 1095 670 1154 litterarum
698 1095 838 1154 formis
830 1116 860 1154 ιιι
888 1105 1013 1172 utraque
1040 1097 1161 1174 seriptis
1184 1097 1256 1154 mihi
1277 1095 1505 1173 persensissem,
1532 1097 1655 1174 integrae

334 1196 440 1273 galeae
463 1195 581 1256 titulum
603 1197 641 1254 ad
657 1197 882 1257 similitudinem
897 1198 1052 1258 alterius
1043 1220 1074 1258 ιι
1090 1198 1214 1258 frmta'
1205 1198 1294 1258 moisi
1316 1207 1421 1258 nostra
1434 1199 1552 1256 demum
1567 1207 1655 1257 aetate

334 1299 492 1357 conflatum
520 1317 604 1373 esse,
638 1301 676 1358 Α.
705 1298 824 1360 Salinas
851 1320 965 1359 meeum
994 1302 1182 1361 consentiens
1210 1303 1378 1361 certissima
1404 1301 1518 1361 invenit
1546 1301 1655 1372 indicia,

333 1401 481 1479 integram
503 1401 586 1460 illam
609 1403 767 1476 cassidem,
791 1421 879 1479 quam
902 1423 981 1463 anno
1000 1403 1077 1463 1863
1101 1403 1236 1462 vendidit
1256 1403 1359 1480 opifex
1380 1403 1504 1480 quidam
1526 1403 1654 1462 aurarius

334 1503 457 1562 Parnasi
483 1504 615 1576 nomine,
642 1504 757 1564 falsarii
784 1523 853 1564 esse
880 1524 965 1581 opus.
1016 1505 1085 1581 Qua
1112 1506 1148 1564 de
1179 1525 1212 1563 re
1238 1505 1357 1582 plenius
1382 1507 1430 1582 egi
1457 1507 1488 1566 in
1517 1524 1655 1564 oommen·

333 1605 445 1665 tatione
481 1607 517 1666 de
553 1607 673 1684 linguae
715 1606 816 1666 Oscae
861 1608 1041 1684 quibusdam
1087 1609 1287 1668 monumentis
1334 1609 1458 1684 scripta,
1496 1609 1544 1666 ubi
1574 1609 1654 1666 etiarn

333 1707 414 1766 tituli
441 1709 597 1785 utriusque
632 1710 736 1786 galeae
777 1709 904 1786 effigiem
941 1729 960 1767 ι
992 1729 1039 1769 me
1073 1711 1251 1772 delineatam
1287 1710 1515 1788 imprimendam
1550 1711 1655 1780 ourani,

335 1811 368 1868 Z.
386 1813 413 1889 f.
435 1811 522 1888 vsrpl.
547 1809 615 1888 Spr.
638 1811 746 1885 XXII,
767 1833 797 1890 p.
819 1811 878 1872 299
900 1831 942 1889 sq.

968 2473 1031 2550 ΙΙΙ.

370 2659 436 2734 DE
463 2657 806 2736 INSORIPTIONE
833 2658 1101 2736 SABELLIOA
1128 2658 1247 2736 AGRI
1273 2659 1620 2737 PRAETVTIANI.

411 2912 470 2972 Th.
503 2913 671 2972 Mommsen
703 2933 742 2972 ex
774 2913 878 2974 itinera
914 2915 1021 2974 Italico
1053 2915 1148 2973 redux
1180 2915 1255 2973 milri
1287 2915 1426 2991 praebuit
1458 2917 1659 2994 apographum

330 3015 535 3091 inscriptionis
557 3016 587 3076 in
609 3034 682 3094 agro
704 3017 900 3077 Praetutiano
923 3019 1091 3077 Picentium
1114 3018 1262 3090 inventae,
1286 3017 1366 3094 quod
1388 3036 1407 3075 ι
1428 3017 1540 3076 Ianelli
1562 3019 1658 3076 biblio

331 3117 465 3176 thocario
485 3117 689 3194 Neapolitano
713 3121 836 3198 aceepit,
859 3140 963 3198 penna
978 3121 1017 3179 ad
1039 3119 1265 3180 similitudinem
1287 3120 1398 3196 lapidis
1425 3120 1606 3179 delineatum
1627 3121 1659 3177 ab

330 3222 442 3280 incerto
469 3227 598 3280 auctore.
642 3221 690 3279 De
717 3221 877 3300 alphabeto
904 3220 1054 3288 Sabellioo
1082 3232 1114 3281 ut
1139 3241 1241 3301 ιςιιι,
1272 3239 1331 3298 quo
1363 3222 1567 3298 conscriptum
1600 3240 1659 3282 esse

330 3323 408 3382 huno
433 3323 552 3382 titulum
581 3323 748 3384 Mommsen
781 3325 865 3398 vidit,
899 3326 1027 3402 effigiem
1060 3327 1226 3403 apographi
1251 3325 1309 3384 hoo
1335 3325 1403 3384 loeo
1432 3344 1538 3416 eorum
1567 3326 1656 3385 oculis

329 3427 556 3504 proponendam
577 3443 645 3486 esse
667 3427 806 3499 arbitror,
828 3428 879 3504 qui
902 3429 989 3504 periti
1012 3437 1081 3488 sunt
1102 3428 1208 3486 harum
1230 3447 1331 3487 rerum
1353 3429 1540 3508 cognitores.
