3520 6006
381 595 722 648 couuuuvmtouus
740 594 1019 648 smonsnffloru
1039 597 1142 651 usus.
1357 579 1426 649 157

120 771 187 830 Osca
206 770 405 832 existimanda
425 770 479 842 sit,
507 789 568 828 non
596 779 695 847 potest
721 785 788 828 esse
815 769 1018 828 nominativus
1045 769 1206 850 singularis
1234 771 1363 830 nominis
1390 771 1429 829 ad

120 867 228 952 Eolafr
246 873 410 948 pertinens,
432 871 512 948 quod
534 871 682 931 eiusmodi
703 871 879 930 nominativi
902 872 978 948 sing.
994 889 1086 932 masc.
1103 873 1134 930 in
1156 891 1173 929 e
1193 873 1326 931 vocalem
1349 873 1428 932 desi-

117 985 207 1034 nentes
233 995 251 1034 a
274 975 378 1053 lingua
400 973 483 1034 Osca
507 974 597 1052 plane
625 973 726 1033 aliena
751 980 830 1032 sunt.
873 973 979 1050 ltaque
1004 973 1080 1032 illud
1101 969 1179 1053 foas
1202 999 1239 1024 =
1262 975 1327 1034 sals
1352 975 1429 1034 nihil

118 1077 187 1136 alind
206 1089 250 1136 est
270 1077 329 1136 nisi
352 1075 434 1136 Osca
453 1077 551 1135 forma
571 1076 756 1152 imperativi,
782 1094 859 1152 quae
886 1076 1049 1153 respondet
1070 1075 1198 1135 Latinae
1219 1076 1294 1136 vals.
1337 1075 1427 1136 Hanc

117 1181 184 1238 anim
204 1186 302 1238 notum
325 1179 423 1239 satin
445 1178 590 1238 clausulis
612 1178 767 1236 titulorum
789 1177 1000 1256 sepulcralium
1015 1176 1195 1238 Latinorum
1217 1197 1312 1255 aeque
1334 1179 1427 1238 usita-

118 1251 250 1341 tamesae
270 1289 362 1357 statue
384 1291 436 1340 aas
457 1291 487 1340 et
507 1282 588 1340 soloe
608 1289 638 1340 et
659 1279 844 1340 Graecorum
865 1281 962 1364 χαῖρε.
996 1279 1079 1358 Ergo
1100 1281 1265 1340 enuntiatio
1286 1281 1425 1340 Lucana:

113 1379 223 1463 ΣαλαῘς
237 1379 316 1463 fota
334 1408 371 1432 =
390 1381 508 1442 Saluius
530 1381 646 1459 (Soloi)
668 1383 745 1456 sak,
774 1381 950 1442 acclamatio
972 1382 1105 1444 eiusdem
1127 1385 1246 1462 generis
1268 1392 1316 1443 est
1336 1393 1370 1442 ut
1390 1383 1426 1442 ti-

113 1485 159 1544 tuli
183 1484 363 1562 sepulcrales
392 1485 595 1562 antiquissimi
614 1485 731 1558 Latini,
763 1483 838 1544 C.I.
859 1483 930 1544 Lot.
944 1484 971 1558 I,
995 1485 1051 1544 98:
1071 1485 1105 1544 P.
1131 1484 1221 1546 Cords'
1241 1497 1331 1545 mater
1351 1487 1425 1558 cols,

113 1595 146 1659 et,
167 1588 185 1646 l.
200 1607 222 1646 c.
236 1587 263 1660 I,
278 1587 334 1646 94:
354 1587 491 1648 Ecclesia
515 1587 610 1648 Cottia
633 1587 652 1647 l.
675 1589 755 1647 salos
775 1587 849 1646 sals.

181 1689 216 1748 In
235 1689 340 1767 lingua
361 1689 444 1750 Osca
469 1689 687 1749 nominativum
709 1684 833 1768 Σαλαξς
860 1705 951 1749 sensu
971 1689 1102 1749 vocativi
1130 1690 1240 1749 dictum
1266 1707 1334 1750 essa
1362 1709 1424 1750 non

111 1792 205 1850 nuum
225 1801 281 1864 sst,
303 1792 445 1869 quoniam
467 1793 557 1852 etiam
571 1791 673 1851 Latini
695 1792 880 1850 nominativo
898 1791 1048 1850 secundae
1069 1791 1279 1852 declinationis
1301 1811 1356 1868 pro
1372 1811 1424 1850 vo·

111 1893 196 1951 estivo
215 1903 349 1966 utuntur,
372 1905 406 1953 ut
425 1893 533 1954 Livius
555 1895 581 1966 I,
603 1895 658 1954 24:
678 1893 758 1952 Audi
780 1901 813 1952 tu
831 1893 957 1972 popalus
972 1894 1114 1966 Albanos,
1136 1894 1311 1971 Propertius
1333 1895 1377 1968 ΙΙ,
1393 1895 1423 1966 6,

111 1995 157 2054 19:
191 1995 236 2055 Tu
260 1997 394 2056 criminis
416 2007 529 2070 auctor,
550 1995 685 2056 Nutritur
700 1997 786 2069 duro,
808 1995 946 2069 Romule,
968 1996 1046 2056 lacte
1067 1995 1167 2074 lupae,
1189 1995 1327 2070 Ovidius,
1349 1997 1422 2058 Her.
1531 2029 1532 2032 =

112 2098 149 2170 74,
165 2101 198 2156 7.·
222 2097 320 2176 Surge
342 2117 398 2176 age
420 2098 525 2158 Belide
547 2099 584 2156 de
606 2107 651 2160 tot
672 2098 761 2157 modo
782 2098 924 2158 fratribus
946 2117 1035 2172 unua,
1057 2107 1087 2157 et
1108 2101 1176 2158 deas
1198 2107 1246 2158 est
1266 2100 1422 2158 vocativus

110 2211 137 2257 nt
154 2199 228 2276 apnd
251 2199 389 2261 Graecos
411 2191 491 2264 θεῶ
506 2207 537 2261 at
557 2193 641 2278 φίλος
662 2199 804 2278 (Ksiloer,
827 2201 913 2276 Ausl.
930 2199 1028 2260 (iram.
1050 2202 1078 2259 d.
1094 2199 1207 2260 Gnaei.
1221 2199 1290 2278 Spr.
1306 2201 1334 2274 l,
1355 2200 1422 2275 312,

109 2301 182 2360 Arm.
196 2302 225 2375 2,
246 2305 293 2361 ed.
309 2301 353 2378 2).

178 2403 325 2482 Linguam
345 2403 458 2464 Oscum
478 2424 540 2465 non
561 2425 664 2466 carere
685 2425 721 2466 ea
742 2407 902 2466 verborum
923 2406 1141 2484 coniugatione,
1164 2423 1253 2484 quam
1275 2423 1422 2484 gramma·

107 2505 149 2564 tici
166 2505 264 2566 Latini
287 2509 447 2568 secandam
474 2517 641 2584 posuerunt
666 2507 764 2568 vocali
785 2514 802 2568 ὁ
824 2509 915 2586 longa
936 2509 1059 2586 stirpem
1082 2509 1240 2567 verborum
1266 2508 1422 2568 claudente

109 2607 255 2688 insignem,
282 2611 373 2669 certis
402 2611 586 2687 argumentis
613 2611 817 2670 demonstravi
844 2611 983 2687 (Ausspr.
999 2610 1045 2682 II,
1065 2610 1128 2669 732
1147 2629 1201 2686 sq„
1224 2611 1266 2669 ed.
1285 2611 1328 2686 2).
1371 2611 1421 2668 Ad

108 2709 178 2768 illam
201 2729 298 2770 meam
326 2713 614 2791 argumentationem
647 2731 725 2772 nunc
751 2713 835 2772 velut
859 2713 995 2772 cumulus
1029 2713 1142 2772 accedit
1169 2711 1267 2772 Oscus
1293 2713 1420 2791 impero·

108 2810 174 2870 tivus
190 2809 267 2892 fota
285 2839 322 2864 =
339 2813 405 2872 vols
426 2833 493 2873 oum
507 2813 619 2874 Latino
635 2815 784 2874 secundae
801 2815 1021 2894 coniugationis
1043 2815 1108 2873 sols
1129 2815 1219 2894 plane
1241 2831 1419 2890 congruens.

177 2914 283 2992 Itaque
309 2917 428 2974 titulum
457 2917 657 2993 sepulcralem
679 2917 864 2978 Dianensem
890 2917 1125 2976 demonstratum
1146 2918 1264 2976 videtur
1285 2917 1362 2976 hunc
1386 2917 1417 2974 in

108 3015 214 3076 modum
233 3018 432 3097 supplendum
454 3028 484 3078 ct
503 3018 622 3078 Latinis
645 3019 744 3078 verbis
767 3019 965 3079 enarrandum
987 3037 1070 3078 esse:

585 3211 622 3264 Α.
644 3211 768 3268 Autome
788 3202 918 3286 lloeufstc

477 3311 565 3370 Οπιες
585 3330 638 3366 πιω
661 3306 756 3384 σιω-(ο)
779 3331 825 3365 aas
849 3302 970 3386 (deden).
994 3341 1032 3352 -

641 3405 764 3490 ΣαλαῘς
780 3406 868 3490 folle.

487 3579 585 3638 Aulus
605 3577 792 3656 Lamponius
812 3578 910 3656 Paqoi
931 3579 1013 3639 dlius

429 3679 549 3759 Oppius
571 3681 653 3759 pium
675 3697 794 3741 sacrum
815 3683 872 3742 hoc
889 3681 1014 3759 (dedit).
1037 3713 1076 3724 —

554 3781 695 3845 'Salvius
718 3782 832 3862 (Salvi)
855 3785 932 3844 vale.

178 3969 272 4050 Supra
291 3971 414 4048 planum
435 3971 505 4044 feci,
527 3971 603 4031 hanc
624 3971 849 4048 inscriptionem
872 3971 1041 4030 consentire
1061 3989 1128 4030 cum
1151 3969 1238 4030 titulo
1259 3969 1414 4030 Mamerti-

109 4088 197 4130 norum
216 4074 397 4134 Messinensi
417 4072 542 4134 Graccis
563 4075 671 4133 litteris
694 4081 839 4150 concepto
861 4082 891 4133 et
912 4091 970 4132 usu
991 4073 1160 4132 litterarum
1183 4098 1199 4144 η
1221 4081 1251 4131 et
1273 4096 1293 4130 a
1316 4073 1415 4132 minus

109 4183 223 4235 conecto
251 4186 282 4237 et
311 4177 436 4254 syllabis
468 4175 606 4235 finalibus
638 4176 891 4236 nominativorum
923 4175 999 4254 sing.
1016 4198 1073 4237 -ιες
1094 4185 1124 4233 et
1139 4197 1191 4242 -ις,
1213 4174 1413 4251 genitivorum

110 4275 171 4354 sing.
202 4301 273 4350 ιηις,
309 4279 547 4338 accusativorum
584 4279 660 4357 sing.
684 4301 715 4336 -o
738 4278 810 4355 (-o)
843 4298 898 4355 pro
932 4297 1003 4336 -om.
1062 4275 1157 4350 Quem
1192 4277 1310 4334 titulum
1346 4295 1415 4334 cum

111 4375 254 4440 Mommsen
276 4399 336 4440 non
358 4382 452 4440 multo
472 4392 542 4458 post
556 4382 734 4458 Agathoclis
757 4393 880 4441 mortem
904 4391 1037 4458 tempore
1051 4379 1161 4456 Pyrrhi
1175 4380 1255 4455 regis
1270 4379 1413 4456 scriptum

111 4495 166 4538 esse
178 4484 324 4543 existimet
343 4483 427 4555 (Unt.
440 4483 523 4542 Dial.
540 4503 572 4560 p.
585 4483 650 4556 196,
669 4483 698 4544 C.
714 4484 749 4541 Z.
761 4487 789 4560 s.
804 4483 893 4560 oerql.
911 4481 980 4559 Spr.
992 4481 1116 4550 XVIII,
1134 4501 1167 4557 p.
1182 4481 1242 4539 257
1255 4481 1324 4556 sp),
1345 4499 1413 4538 meo
1434 4499 1435 4504 ¹

111 4580 163 4640 iure
183 4593 304 4646 statuere
326 4586 399 4648 mihi
413 4586 527 4658 videor,
549 4586 653 4645 cadem
674 4595 771 4645 aetate
792 4585 882 4645 etism
904 4585 1022 4644 titulum
1042 4583 1242 4661 sepulcralem
1256 4581 1412 4642 Lucanum

112 4680 210 4760 dequo
230 4689 276 4768 egi
297 4689 329 4748 in
350 4689 481 4766 lapidem
503 4688 628 4748 incisum
651 4705 728 4747 esse.
