3520 6006
356 618 698 682 counmursmo'uns
718 631 994 684 urtonsrfflcsn
1014 632 1116 684 'unns
1333 611 1403 684 191

105 801 147 860 86.
183 800 323 860 Denarius
354 801 504 860 sociorum
531 801 563 859 in
586 802 667 864 bello
688 807 828 878 Marsico,
856 825 951 884 nuper
971 806 1141 886 publicatus
1168 825 1206 864 ex
1228 805 1406 864 collectione

104 923 262 961 nummorum
290 905 374 962 ducis
403 905 439 962 de
465 903 574 966 Blacss
602 907 644 984 (n.
667 911 734 979 221,
755 909 813 985 su),
841 911 926 968 cuius
948 911 977 968 in
1001 909 1094 968 ultera
1115 917 1201 986 psrte
1222 909 1406 986 conspicitur

101 1013 172 1079 ceput
190 1005 270 1064 virile
285 1005 395 1064 heders
409 1019 594 1082 coronatum,
617 1011 647 1070 in
670 1011 765 1072 slters
786 1021 891 1072 taurus
912 1013 1007 1072 victor
1029 1012 1130 1088 lupum
1154 1011 1295 1070 afflictam
1312 1030 1406 1070 cornu

101 1107 212 1166 mulcens
233 1126 297 1166 cunr
319 1109 533 1186 inscriptione!

408 1299 548 1373 vitellid
959 1325 1055 1386 ltalia.

96 1519 119 1567 et
134 1509 222 1568 litters
242 1509 355 1572 aOscs
376 1531 470 1589 supro
491 1513 600 1587 posits,
623 1515 753 1576 Histoire
775 1521 809 1576 cle
831 1519 861 1576 la
877 1519 1157 1577 monnuieRomaine
1172 1519 1206 1576 de
1222 1516 1271 1574 Tu.
1286 1515 1404 1574 Momm·

96 1631 140 1684 sen,
160 1615 229 1670 trad.
251 1617 285 1672 de
308 1615 412 1674 Allem.
435 1637 493 1693 par
515 1619 540 1676 le
562 1621 616 1678 duo
637 1623 672 1680 de
694 1621 816 1692 Blaeso,
835 1621 916 1698 publ.
937 1641 969 1697 p.
993 1622 1018 1678 Ι.
1043 1621 1077 1678 de
1105 1619 1199 1689 lviso,
1222 1617 1267 1690 II,
1285 1639 1316 1694 p.
1335 1617 1402 1689 631,

96 1715 157 1772 unde
177 1716 309 1788 Fsdrctti,
332 1717 423 1776 Prim.
447 1721 541 1796 suppl.
566 1733 623 1781 ant.
648 1727 715 1782 iser.
738 1725 775 1782 It.
799 1725 909 1782 noos.
952 1721 1152 1782 Nummorum
1175 1721 1264 1779 huius
1285 1721 1404 1797 generis

94 1833 191 1892 prseter
221 1838 254 1876 cs
276 1820 469 1898 exemplaria,
503 1843 580 1900 quse
607 1825 630 1882 Ι.
656 1825 871 1885 Fricdlsender
893 1825 1054 1903 descripsit
1080 1833 1109 1882 st
1130 1823 1309 1893 illustravit,
1334 1823 1403 1882 Ost.

94 1919 171 1976 ullus.
187 1941 218 1996 p.
240 1923 372 1982 73-85.
402 1934 420 1982 t.
448 1925 506 1983 IX.
535 1927 575 1986 X.
603 1932 639 2003 cs.
663 1929 768 1987 Moms.
797 1929 861 1988 Uest.
891 1929 973 1987 Dial.
998 1947 1029 2004 p.
1053 1927 1118 1986 201.
1143 1927 1212 1985 260.
1257 1926 1345 1984 Febr.
1372 1925 1402 1985 0.

92 2021 161 2080 lle.
183 2023 270 2082 2819.
295 2025 384 2098 2651,
407 2028 498 2086 etiam
519 2031 704 2107 exemplaris
726 2031 914 2090 collectionis
938 2029 1105 2101 Foriense,
1127 2047 1204 2105 quse
1225 2047 1320 2104 nuper
1342 2027 1403 2086 vidi

90 2123 113 2181 in
136 2143 232 2184 museo
258 2125 460 2201 Berolinensi,
496 2134 597 2192 omnis
629 2151 738 2191 nomen
771 2133 844 2192 dese
877 2142 906 2190 et
934 2133 1014 2192 urbis
1042 2131 1149 2190 Italiae
1176 2149 1236 2190 una
1260 2131 1271 2188 l
1302 2129 1404 2188 litters

90 2227 213 2304 scriptum
245 2229 370 2288 habent:
416 2232 526 2292 l's'telid.
570 2233 678 2312 ltaque
711 2237 835 2312 scriptio
875 2235 992 2294 Vitellio
1028 2235 1058 2292 in
1091 2251 1212 2292 nummo
1250 2233 1333 2292 ducis
1366 2233 1403 2290 ds

90 2327 191 2401 Blocss,
210 2331 359 2408 duplicem
380 2335 392 2392 l
413 2335 531 2394 videtur
553 2339 684 2397 traxisse
707 2357 725 2396 s
745 2337 857 2397 Latino
880 2339 1000 2398 nomine
1031 2337 1151 2396 Vitellio.
1201 2333 1340 2394 Ceterum
1363 2353 1402 2393 ex

89 2439 148 2506 typo
172 2435 247 2492 tsuri
268 2432 423 2494 Samnitici
457 2439 581 2497 victoris
613 2439 715 2518 lupam
747 2439 915 2500 Romanam
938 2439 1079 2500 afflictum
1116 2457 1208 2496 cornu
1241 2436 1401 2496 mulcantis

88 2533 206 2594 conicere
236 2537 316 2610 licet,
348 2539 426 2597 hunc
454 2559 607 2600 nummum
639 2563 658 2600 s
694 2539 878 2602 Samnitibus
908 2561 1014 2601 cusum
1045 2559 1113 2599 esse
1145 2560 1207 2598 non
1239 2559 1258 2597 s
1290 2539 1400 2599 Marsis

88 2631 304 2700 Corfiniensibus
328 2639 451 2716 (ffiedt.
475 2643 494 2702 l.
518 2663 541 2702 c.
561 2665 593 2720 p.
619 2643 670 2705 69.
695 2647 738 2704 71.
765 2645 812 2704 76.
838 2643 912 2721 86).

89 2929 646 2946 -ῳ-η-,ὴᾞ
672 2938 1399 2949 „Q--ffl

633 3337 833 3399 IsVCANIA.

26 3573 35 3600 ,
86 3518 132 3580 st.
171 3522 262 3602 Lspis
288 3543 473 3584 marmoreus
500 3525 581 3584 rudis
608 3527 792 3603 marginibus
826 3528 975 3603 utrimque
1001 3526 1117 3586 detritis
1150 3535 1239 3603 atque
1263 3525 1399 3585 infractis

119 3631 240 3684 ceterum
278 3628 408 3704 integer,
439 3627 578 3688 inventus
614 3629 645 3686 in
681 3628 773 3688 fundo
812 3628 915 3707 oppidi
950 3629 1048 3687 Dione
1088 3647 1184 3705 prope
1220 3627 1332 3686 fontem
1364 3627 1397 3688 S.

122 3726 275 3787 Gioouum':

538 3908 728 3962 ΑΛΑΠΟΝΙΣ
744 3947 751 3962 .
770 3908 927 3962 ΠΑΚΕΗΙΣ

560 4065 694 4120 ΟΠΙΕΣ.
709 4065 774 4119 ΠΙΩ
787 4067 794 4118 Ξ
809 4067 865 4120 Ati
878 4105 885 4120 .
900 4065 973 4120 ΕΚΟ

558 4221 696 4276 zenoti
713 4263 720 4278 .
738 4223 830 4276 [ΑΛΕ

154 4429 217 4490 Duo
236 4431 412 4509 apographa
426 4431 516 4490 huius
533 4429 737 4506 inscriptionis
750 4429 877 4490 confecit
888 4428 1032 4489 Mundelli
1047 4431 1077 4489 iu
1089 4431 1166 4490 libro
1183 4429 1396 4508 manuscripto

86 4529 116 4587 de
134 4531 269 4606 Lucania,
304 4533 365 4592 Vol.
388 4533 414 4604 1,
432 4553 463 4609 p.
493 4533 533 4592 94
556 4543 580 4592 et
607 4532 670 4590 Vol.
698 4533 742 4590 II.
769 4535 799 4590 in
814 4533 882 4607 fine,
906 4532 1032 4591 slterum
1054 4533 1170 4592 mendis
1192 4551 1252 4590 non
1274 4551 1396 4606 vacans,

85 4631 190 4693 alterum
211 4635 312 4714 lapide
333 4635 432 4693 denuo
455 4635 625 4694 examinato
639 4641 803 4694 correctum
819 4645 908 4711 atque
924 4635 1121 4708 emendatum,
1143 4637 1224 4712 quod
1246 4634 1283 4692 cd
1304 4635 1395 4694 finem

84 4733 142 4792 libri
160 4737 202 4797 sui
222 4739 339 4798 adiecit.
383 4738 600 4816 Interpretatus
622 4755 688 4796 sum
709 4737 826 4795 titulum
849 4755 868 4794 a
889 4737 946 4795 Th.
968 4739 1135 4797 Mommsen
1156 4740 1188 4798 in
1210 4739 1305 4796 lucem
1327 4756 1395 4814 pro·

86 4845 203 4914 tractum,
224 4850 254 4901 et
275 4840 480 4900 demonstravi
500 4839 544 4898 its
564 4839 761 4915 supplendum
784 4848 873 4916 etque
895 4841 1094 4900 enarrandum
1116 4858 1197 4900 esse:

420 5026 457 5084 A.
484 5023 622 5086 lorove
649 5020 793 5113 lluxfms

424 5163 525 5225 Οπιες
551 5179 614 5221 osor
641 5153 744 5250 urs(o)
771 5179 825 5222 εκο
853 5143 983 5249 (dedet).

473 5299 610 5391 Σαλαβ
631 5301 726 5391 julie.
