3520 6006
549 673 624 723 LEX
643 670 725 722 cot..
746 669 975 722 sssstlvns.

557 1155 967 1231 COMMENTARIVM.

181 1365 232 1424 Rei
255 1367 407 1444 publicas,
429 1366 515 1424 cuius
538 1365 614 1441 legis
629 1373 742 1442 partem
758 1363 1009 1440 recuperavimus,
1031 1381 1138 1420 nomen
1155 1362 1212 1420 fuit
1225 1363 1336 1420 colonnia
1351 1359 1430 1418 Iulia
1449 1367 1560 1418 colonia

113 1467 242 1540 Genetiva,
264 1469 438 1544 quodcum
460 1467 635 1544 plerumque
656 1467 765 1524 litteris
787 1466 989 1542 singularibus
1013 1465 1205 1542 significetur,
1229 1465 1356 1542 primum
1378 1482 1429 1521 vo·
1442 1442 1569 1494 G⁰¹¹⁹¹il⁸

111 1570 229 1642 sabulum
252 1571 455 1648 perscriptum
471 1569 619 1646 reperitur
633 1569 747 1646 passim
769 1568 809 1645 (ε.
826 1589 851 1626 c.
871 1569 897 1640 1,
916 1569 962 1626 19.
987 1569 1016 1640 3,
1032 1569 1081 1626 37.
1104 1568 1133 1638 5,
1150 1567 1177 1625 3.
1202 1567 1230 1638 6,
1249 1567 1296 1624 17.
1315 1567 1362 1625 18.
1379 1565 1428 1624 30.

111 1671 133 1743 8,
147 1673 204 1748 34),
227 1674 392 1734 secundum
416 1675 518 1732 sexies
541 1671 734 1748 (Genne[t]tnos
757 1671 791 1741 6,
809 1673 863 1740 30;
890 1669 985 1730 Genet.
1009 1671 1037 1741 5,
1054 1667 1086 1742 23
1113 1669 1182 1728 Gen.
1206 1669 1239 1742 3,
1256 1669 1305 1727 37.
1329 1668 1363 1739 6,
1381 1667 1428 1726 17.

112 1773 150 1832 18.
170 1775 197 1845 8,
213 1775 277 1852 34),
304 1777 423 1834 tertium
439 1785 484 1834 ter
498 1774 607 1850 (Iuliae
623 1773 651 1845 8,
670 1773 724 1844 123
746 1774 806 1833 Jnt.
826 1775 851 1846 1,
869 1773 917 1830 25.
941 1773 970 1843 8,
987 1773 1050 1849 34).
1085 1773 1160 1830 Eam
1176 1771 1324 1830 coloniam
1341 1771 1429 1828 sitam

109 1877 190 1935 luisse
210 1879 241 1936 in
258 1877 414 1955 Hispania
435 1878 576 1936 ulteriore
598 1877 662 1934 sive
685 1875 809 1934 Baetica
830 1875 1013 1952 intellegitur
1034 1895 1072 1932 ex
1094 1875 1171 1950 ipsis
1193 1873 1303 1964 tabulis
1326 1873 1357 1950 (7
1386 1871 1429 1947 5).

109 1977 227 2038 Tabulae
253 1989 356 2040 autem
382 1999 449 2038 cum
471 1981 608 2038 iuventae
631 1979 692 2037 sint
713 1997 806 2057 prope
828 1975 1019 2054 Osunam¹),
1047 1977 1088 2036 ibi
1111 1977 1230 2034 omnino
1253 1995 1290 2035 aa
1311 1975 1431 2033 colonia

107 2081 165 2152 luit,
189 2083 281 2160 idque
309 2083 487 2140 confirmant
512 2099 590 2158 quae
616 2091 772 2159 praeterea
799 2081 835 2139 ds
857 2099 893 2140 eo
915 2079 1026 2156 oppido
1048 2079 1158 2137 tradita
1179 2079 1347 2156 accepimus
1370 2078 1429 2134 iam

108 2203 173 2240 nova
200 2185 345 2260 claraque
372 2185 438 2242 luce
463 2183 624 2242 illustrata.
669 2181 746 2242 Nam
770 2181 829 2242 duo
851 2183 973 2240 nomina
994 2183 1021 2240 ei
1043 2181 1154 2259 oppido
1176 2181 1296 2238 luerunt
1317 2179 1429 2254 Hispa·

20 2359 23 2366 ¹
107 2285 191 2344 nicam
213 2287 344 2344 alterum
360 2285 506 2345 Ursaonis
530 2287 594 2344 sive
609 2283 749 2357 Ursouis,
771 2305 790 2342 a
811 2303 871 2361 quo
892 2285 923 2342 id
946 2284 1026 2362 quod
1049 2283 1195 2360 hodieque
1218 2283 1332 2341 obtinet
1353 2281 1430 2339 deri·

106 2397 194 2447 natum
215 2399 277 2460 est,
306 2389 432 2447 alterum
454 2387 596 2447 Latinum
619 2388 701 2466 apud
722 2387 854 2446 Plinium
875 2389 908 2459 3,
928 2387 962 2458 3,
981 2385 1017 2444 12
1042 2387 1085 2444 sic
1107 2385 1232 2444 relatum
1260 2383 1335 2442 Urso
1357 2401 1430 2459 quae

109 2489 199 2548 Genua
218 2493 405 2562 urbanorum,
428 2491 628 2570 significatum
651 2501 748 2549 autem
770 2490 802 2548 in
824 2489 910 2547 titulo
933 2490 1007 2548 satis
1030 2490 1153 2564 antiquo
1175 2488 1234 2546 vol.
1253 2487 1285 2545 11
1307 2507 1335 2544 n.
1351 2485 1430 2544 1404

106 2593 172 2650 notis
194 2593 241 2652 bis
262 2608 404 2664 c·c·1vt,
429 2603 460 2652 ut
475 2593 534 2652 iam
550 2593 741 2669 intellegatur
755 2593 803 2650 bic
817 2591 975 2670 legendum
992 2609 1058 2652 esse
1073 2588 1229 2666 c(olonn'ae)
1249 2587 1429 2664 G(eneticae)

107 2693 227 2770 lal(iae),
249 2695 314 2754 illic
335 2696 554 2754 emendandum
572 2695 735 2771 Gen[eti]ca
756 2693 931 2752 urbanorum
953 2693 1004 2768 (cl'.
1019 2715 1048 2772 p.
1065 2693 1147 2768 133).
1184 2691 1334 2768 Berlanga
1354 2689 1429 2748 illud

104 2797 256 2869 intellexit,
285 2797 339 2856 sed
361 2797 392 2856 in
414 2805 555 2873 corrupta
575 2797 672 2856 forma
692 2797 835 2856 librorum
858 2797 1066 2854 Plinianornm
1088 2805 1118 2853 et
1137 2795 1204 2872 ipse
1226 2791 1429 2870 adquievitt).

104 2897 268 2958 Deduxisse
292 2907 392 2958 autem
415 2900 531 2958 ridetur
547 2897 662 2959 Caesar
683 2899 806 2958 colonos
819 2897 970 2958 Ursonem
990 2907 1159 2976 propterea,
1182 2895 1261 2974 quod
1276 2893 1429 2954 Ursonen-

105 3019 155 3070 ses,
174 3002 288 3078 quippe
311 3003 364 3078 qui
379 3002 427 3061 vel
449 3013 516 3078 post
532 3003 688 3061 victoriam
710 3001 747 3060 ad
763 3001 906 3060 Mundam
926 3000 1119 3079 pertinaciter
1134 3017 1201 3060 sese
1216 2997 1429 3072 defendissent,

105 3103 161 3160 sine
180 3104 274 3162 dubio
297 3123 372 3182 agro
394 3106 535 3180 privarat.

176 3205 305 3265 Colonia
327 3204 475 3266 Genetiva
500 3210 583 3266 iussu
605 3205 636 3266 0.
663 3205 800 3266 Caesaris
829 3206 895 3291 diet,
918 3207 1040 3264 deducta
1061 3215 1116 3278 est,
1144 3213 1177 3264 ut
1201 3205 1311 3282 legitur
1333 3205 1363 3276 5,
1379 3204 1429 3277 31,
1449 3215 1560 3266 colonia

103 3306 156 3380 nel,
178 3321 210 3366 ut
237 3309 348 3368 ibidem
365 3318 422 3367 'est
443 3308 545 3387 paullo
572 3316 641 3368 ante
663 3309 711 3386 (5,
730 3307 798 3384 12),
825 3312 906 3367 iussu
920 3308 961 3391 ⁸C.
986 3307 1120 3367 Caesaris
1143 3309 1209 3366 dict.
1232 3312 1299 3384 imp.
1323 3319 1348 3366 et
1370 3307 1429 3384 Iope
1448 3289 1558 3374 deducta

103 3411 220 3468 Antonia
247 3409 447 3487 utendumque
472 3410 629 3486 e(onsntlto)
652 3411 816 3488 pl(ebi)qee
842 3408 939 3487 sc(ito)
966 3429 1037 3486 oper
1062 3411 1127 3470 eius
1154 3411 1239 3469 datus
1266 3413 1427 3486 atsipnataa
1446 3377 1564 3488 0222„

103 3521 154 3584 est;
179 3513 373 3589 magistratus
395 3513 524 3590 denique
546 3521 816 3572 commemorantur
838 3512 927 3584 6,15
950 3512 1020 3570 sacti
1041 3516 1123 3571 iussu
1147 3513 1177 3572 C.
1203 3513 1337 3574 Caesonis
1359 3513 1426 3570 dict.
1474 3511 1536 3562 dien.

102 3631 151 3671 ens.
175 3633 266 3691 prone
293 3633 350 3674 coa.
400 3615 539 3674 Dictator
570 3615 663 3691 igitur
692 3613 804 3675 Caesar
833 3615 970 3674 omnibus
1003 3614 1078 3673 locis
1106 3615 1218 3692 pariter
1246 3614 1428 3692 appellatum

100 3727 249 3792 praeterea
270 3717 365 3774 altero
388 3717 454 3774 loco
476 3721 642 3794 imperator,
665 3717 759 3776 altero
777 3717 877 3777 consul
887 3735 977 3793 prom
992 3717 1119 3788 censuim
1142 3735 1266 3794 quorum
1287 3717 1429 3775 boccum

101 3837 204 3877 nonum
227 3819 351 3892 accidat,
373 3819 523 3895 significat
538 3816 699 3879 Caesarem
721 3827 840 3896 praeter
860 3819 1038 3878 dictaturam
1061 3820 1149 3878 etiam
1166 3829 1344 3896 potestatem
1360 3837 1429 3878 con·

102 3919 225 3978 solarem
247 3922 303 3980 sibi
326 3921 493 3996 sumpsisse
515 3922 558 3979 ita
579 3931 763 3999 perpetuam,
786 3929 819 3980 ut
840 3941 900 4000 quo
915 3929 1049 3998 tempore
1063 3923 1171 3981 consul
1186 3939 1245 3980 non
1261 3932 1351 3994 esset,
1372 3942 1427 3999 pro

101 4023 216 4080 consule
238 4033 345 4100 ageret.
382 4023 487 4099 Itaque
508 4041 575 4083 cum
596 4023 675 4082 idem
697 4023 808 4083 fecisse
829 4031 947 4082 constet
960 4026 1143 4101 Augustum,
1166 4033 1280 4100 patrem
1302 4025 1328 4082 is
1346 4024 1378 4083 in
1394 4044 1429 4084 ea

100 4137 267 4184 resecatus
289 4137 346 4184 est.
363 4159 403 4168 -
425 4124 592 4184 Deductam
615 4135 712 4186 autem
736 4144 804 4186 esse
825 4127 974 4185 coloniam
996 4145 1056 4184 non
1078 4137 1137 4186 tam
1160 4127 1280 4204 abipso
1295 4123 1428 4186 Caesare

102 4245 184 4302 qaam
205 4228 289 4287 iussu
311 4228 377 4286 eius
399 4227 466 4304 lege
489 4228 636 4286 deesse
658 4249 677 4286 a
691 4227 731 4286 M.
748 4229 883 4288 Antonio
904 4229 967 4286 lata
989 4247 1027 4286 ex
1049 4229 1251 4288 additamento
1273 4247 1365 4304 supra
1383 4249 1429 4288 re·

102 4327 156 4386 lato
177 4329 311 4388 efficitur.
345 4327 485 4402 Quocum
507 4331 713 4407 componenda
735 4341 805 4389 sunt
818 4349 886 4389 cam
902 4329 962 4388 elia
977 4331 1149 4390 testimonia
1163 4332 1227 4390 eius
1243 4332 1323 4390 modi
1339 4333 1428 4391 bene-

102 4429 230 4490 ficiorum
254 4451 292 4490 ex
318 4431 395 4490 actis
423 4429 566 4492 (lassaris
594 4434 657 4492 sive
684 4434 764 4492 veris
792 4433 854 4492 sive
881 4434 1098 4494 commenticiis
1124 4433 1162 4491 ab
1183 4435 1317 4492 Antonio
1345 4435 1428 4492 dato·

102 4553 160 4591 mm
182 4543 243 4592 tum
264 4534 395 4594 maxime
418 4533 499 4612 quod
521 4534 564 4592 ait
583 4531 690 4594 Cicero
713 4535 845 4614 Philipp.
868 4536 942 4608 b,4,
960 4537 1011 4594 1οι
1035 4540 1062 4595 si
1083 4555 1169 4613 qaam
1191 4536 1278 4612 lapan
1299 4537 1333 4595 de
1355 4540 1428 4596 actis
1502 4555 1505 4561 ’

104 4695 296 4710 b-——n—-u

174 4801 199 4864 ¹)
226 4803 273 4866 Qui
296 4819 358 4856 sera
382 4804 554 4855 vendiderunt
577 4805 693 4856 Intentio
718 4806 805 4872 cupidi
830 4805 947 4856 homiues
970 4807 1057 4857 locum
1079 4807 1149 4857 unde
1173 4807 1330 4872 prodiissent
1352 4821 1426 4858 accu-

104 4894 179 4944 ratius
198 4895 308 4948 indieare
327 4897 479 4958 noluerunt3
497 4898 522 4946 ai
539 4913 603 4960 eree,
622 4897 752 4963 Benlauga
771 4899 808 4949 ait
827 4915 852 4963 p.
867 4898 911 4960 33,
931 4899 971 4947 st'n
990 4897 1113 4965 embarpo,
1136 4915 1182 4966 que
1200 4897 1321 4950 babieron
1340 4897 1371 4950 de
1385 4915 1427 4950 en·

105 4993 227 5036 converse
246 5006 275 5040 en
298 4989 323 5039 el
346 4989 443 5040 camino
455 4987 498 5042 de
522 4989 549 5039 In
568 4991 619 5041 Via
644 5005 718 5040 saera
741 5007 758 5040 a
783 4989 811 5040 la
824 4988 907 5055 fulde
925 4989 956 5040 de
975 4990 1015 5040 las
1037 4989 1159 5042 Canteras
1177 5007 1223 5058 que
1242 4993 1336 5042 existen
1355 5007 1385 5042 en
1403 4991 1429 5041 el

106 5091 170 5128 cerro
195 5077 271 5132 dende
294 5088 379 5132 estnec
404 5081 431 5131 la
455 5083 561 5150 antiqua
583 5079 662 5145 Urso,
688 5081 774 5133 dando
798 5083 917 5134 occasion
942 5083 970 5134 αἱ
988 5081 1106 5151 bulla-’pc
1126 5083 1151 5134 el
1168 5082 1272 5136 labem
1292 5081 1426 5151 trapesado

106 5185 147 5218 nnn
165 5170 226 5221 ellos
242 5171 364 5224 labrando
383 5190 418 5224 an
438 5173 530 5225 olinae.

176 5259 201 5324 ¹)
227 5261 376 5326 [Genetlvne
395 5281 491 5318 nomen
505 5275 572 5318 recte
585 5268 721 5332 agnovisse
735 5267 902 5318 Franciscum
915 5267 1076 5318 Matthaeum
1091 5267 1165 5335 Gugo
1180 5270 1353 5334 professorem
1367 5270 1427 5320 His·

108 5353 230 5416 palem
246 5357 374 5425 Barlanga
392 5359 457 5410 mibi
477 5359 587 5426 scripsit.
626 5357 756 5424 libanam]
