3484 6006
358 644 431 716 356
800 661 1079 714 nuorunnuurn
1097 663 1180 718 von.
1195 663 1240 714 111

1529 767 1667 776 —--.-..-—-

358 838 503 898 habebam
525 855 580 914 pro
601 845 676 896 teste
698 855 758 894 non
780 837 894 912 optimo
916 855 970 895 nec
992 837 1187 913 peritissimo,
1215 839 1268 896 sed
1296 847 1395 897 tamen
1416 837 1534 910 idone03
1565 847 1594 896 at
1613 839 1670 896 sub·

359 941 494 1000 dubitare
516 939 614 1016 coepi,
641 946 802 1016 postquam
824 958 891 997 eurn
920 939 1099 1018 deprehendi
1121 939 1208 1000 titulo
1231 961 1259 998 n.
1277 942 1355 1000 3711
1379 940 1556 1000 Diocletiani
1576 959 1669 998 nomen

358 1045 445 1121 quasi
467 1043 504 1102 de
525 1041 625 1120 lapide
646 1041 838 1114 inferentem,
867 1049 1027 1119 propterea
1052 1043 1133 1118 quod
1155 1043 1272 1103 Aurelii
1294 1043 1409 1102 Valerii
1433 1043 1552 1102 nomina
1576 1042 1670 1100 Rome

358 1165 411 1205 rus
433 1145 475 1205 ibi
497 1156 649 1221 posuerat,
671 1145 834 1218 cumsatis
858 1153 1010 1204 constaret
1030 1147 1143 1222 requiri
1164 1145 1205 1204 ibi
1227 1146 1367 1204 Flavium
1388 1146 1551 1218 Valerium,
1573 1145 1671 1204 scilicet

360 1248 579 1309 Constantium.
622 1247 729 1324 Itaque
751 1266 819 1307 cum
841 1251 872 1306 in
894 1267 928 1307 oo
950 1266 1059 1322 essem,
1083 1257 1115 1306 ut
1136 1249 1259 1307 iuventa
1280 1270 1299 1308 a
1319 1248 1512 1325 Desjardinio
1534 1248 1572 1306 ad
1590 1248 1671 1324 ipsius

360 1353 520 1411 editionem
533 1350 670 1409 ordinata
684 1351 753 1408 huic
767 1351 952 1427 ephemeridi
967 1351 1138 1424 insererem,
1154 1352 1275 1411 substiti
1288 1353 1421 1429 inopere
1436 1369 1605 1427 mecumque
1616 1368 1672 1408 con·

361 1454 444 1514 stitui
462 1453 639 1512 Pestinense
660 1470 796 1512 museum
818 1453 939 1514 tertium
961 1453 1054 1526 adire,
1076 1463 1237 1530 antequam
1259 1455 1295 1512 de
1311 1454 1550 1531 Desjardinianis
1572 1451 1672 1530 publice

360 1557 504 1616 iudicium
526 1556 644 1615 ferrem.
689 1555 838 1631 Receptus
860 1555 952 1632 igitur
972 1556 1090 1615 Pestici
1112 1559 1149 1615 ab
1172 1557 1276 1616 amicis
1299 1557 1389 1616 solita
1403 1557 1542 1638 comitate
1564 1575 1621 1614 rem
1640 1555 1672 1612 in·

359 1660 506 1736 vestigari
528 1667 557 1716 et
577 1665 696 1735 praeter
717 1660 958 1734 expectationem
985 1665 1081 1718 totum
1109 1660 1248 1720 volumen
1275 1659 1457 1738 deprehendi
1483 1661 1563 1718 mala
1587 1658 1673 1717 fraude

360 1772 391 1820 et
416 1768 561 1840 perpetua
585 1761 817 1838 interpolatione
846 1761 1035 1838 inquinatum
1064 1779 1141 1821 esse.
1188 1761 1269 1822 Nam
1301 1775 1335 1822 ut
1364 1763 1395 1820 in
1424 1763 1478 1822 illo
1505 1763 1607 1833 titulo,
1636 1761 1673 1817 ubi

361 1863 571 1939 Desjardinius
606 1863 698 1920 edidit
719 1866 1076 1939 onvnvarrrronroclll‚
1110 1865 1252 1956 ibi·vere
1284 1876 1330 1924 est
1351 1881 1462 1925 eramo
1479 1880 1608 1925 veterio
1633 1879 1674 1920 nec

362 1969 521 2044 quicquam
544 1965 682 2042 amplius,
710 1965 754 2023 ita
774 1965 887 2042 similia
908 1974 1031 2044 peccata
1052 1969 1166 2046 passim
1189 1967 1329 2040 redeunt3
1357 1977 1387 2026 et
1408 1987 1444 2026 ne
1466 1981 1552 2043 putes
1575 1969 1603 2025 iu
1623 1965 1674 2024 solo

363 2089 464 2128 errore
479 2088 541 2127 rem
556 2069 731 2140 consistere,
747 2067 789 2127 ibi
800 2069 1058 2146 impudentissime
1070 2071 1133 2130 iere
1146 2073 1295 2144 mentitur,
1308 2071 1358 2130 ubi
1370 2072 1401 2128 in
1413 2070 1544 2130 editione
1556 2069 1676 2129 Parisios
1721 2099 1722 2104 κ

364 2173 472 2232 collata
486 2188 542 2229 sua
556 2170 683 2229 lectione
698 2189 824 2246 meaque
839 2175 1073 2232 controversiam
1089 2173 1231 2232 diiudicat
1250 2175 1383 2250 allegatis
1401 2174 1528 2250 ectypis.
1573 2171 1675 2232 Gratis-

363 2277 440 2334 sima
466 2275 540 2332 haeo
566 2273 717 2332 accusatio
740 2293 777 2332 ue
799 2275 980 2350 argumentis
1006 2276 1195 2347 destituatur,
1223 2277 1261 2336 ad
1289 2276 1426 2355 singulos
1454 2277 1562 2334 titulos
1583 2275 1674 2333 uariam

363 2379 520 2438 lectionem
544 2395 640 2434 meam
663 2387 692 2434 et
709 2374 971 2452 Desjardinianam
994 2380 1159 2454 composui,
1182 2399 1259 2455 quae
1281 2379 1400 2455 quidem
1422 2379 1540 2454 aliquid
1558 2375 1675 2436 momenti

363 2483 496 2551 haberet,
519 2491 548 2537 et
569 2487 601 2538 ut
620 2496 704 2537 meos
726 2497 843 2538 errores
866 2499 926 2538 nou
947 2481 1061 2554 reticui,
1085 2483 1127 2540 ita
1143 2481 1393 2556 Desjardinlanos
1415 2499 1538 2558 quoque
1560 2479 1676 2540 indicari.

365 2583 445 2643 Nam
467 2600 645 2658 quamquam
668 2581 817 2640 eiusmodi
839 2583 1057 2642 confutationes
1081 2584 1178 2642 adhuc
1200 2603 1320 2661 semper
1340 2585 1512 2662 contempsi
1533 2603 1592 2643 non
1613 2583 1676 2658 iguo·
1719 2637 1720 2646 ,

365 2705 437 2746 rans
459 2685 595 2761 equidem
618 2701 710 2760 quam
732 2685 772 2742 sit
793 2686 965 2744 necessaria
987 2687 1076 2744 etiam
1104 2687 1134 2744 in
1157 2687 1287 2747 minimis
1309 2697 1339 2746 et
1360 2687 1537 2764 adiaphoris
1559 2691 1677 2744 accurata
1719 2683 1720 2712 ³

365 2789 462 2860 lectio,
486 2787 539 2845 sed
562 2787 726 2846 abhorrens
749 2805 768 2844 a
789 2787 1006 2846 consuetudine
1028 2807 1131 2848 eorum
1155 2791 1288 2848 virorum
1314 2791 1477 2861 doctorum,
1510 2791 1563 2866 qui
1583 2791 1678 2866 Aprum

364 2891 475 2951 factum
499 2907 566 2948 esse
588 2907 627 2948 ex
643 2891 723 2966 Apto
746 2908 901 2966 annosque
923 2891 971 2948 XI
993 2892 1171 2951 substitutos
1193 2911 1248 2971 pro
1270 2893 1299 2950 X
1321 2893 1431 2970 populo
1453 2893 1595 2952 nuntiant
1615 2888 1678 2947 tibiis
1719 2959 1721 2982 μ

367 2995 503 3070 tubisque
526 2991 759 3064 concinentibus,
787 2993 836 3052 hic
857 2993 916 3050 iarn
939 2993 1067 3052 uliares
1090 2995 1197 3071 agitur,
1232 2995 1347 3054 scilicet
1368 2995 1465 3054 malae
1490 2996 1562 3054 fidei
1583 2992 1679 3070 publica
1719 3029 1721 3062 ³

366 3096 525 3156 accusatio.
570 3094 617 3152 Ea
638 3095 731 3170 igitur
746 3113 879 3153 errorum
895 3095 1036 3154 refutatio
1059 3098 1138 3156 inira
1159 3107 1356 3174 proponetur3
1383 3097 1534 3158 hocloco
1556 3097 1678 3173 quaedam
1719 3115 1721 3148 5

365 3218 473 3276 ponam
508 3199 668 3257 observata
698 3197 728 3254 in
762 3197 933 3272 diplomatis
960 3209 1174 3258 veteranorum.
1219 3200 1347 3259 Errores
1379 3201 1409 3258 in
1442 3201 1480 3258 iis
1518 3199 1633 3260 edendis
1658 3197 1678 3253 in

361 3300 500 3384 ‘Corpore
527 3301 680 3360 commissi
713 3299 793 3376 apud
815 3299 1039 3375 Desjardinium
1072 3303 1265 3380 conspicuum
1298 3303 1395 3361 locum
1429 3313 1580 3381 occupant
1603 3317 1677 3376 ecque

365 3405 508 3463 maiorem
530 3404 618 3462 fidem
641 3403 698 3462 sibi
721 3402 872 3460 vindicant
893 3404 975 3479 quod
997 3405 1041 3463 sic
1063 3405 1105 3464 ibi
1128 3415 1280 3464 mouetur:
1303 3425 1380 3483 pour
1401 3406 1441 3464 lea
1464 3407 1603 3483 diplomat
1622 3402 1678 3460 nili-

366 3511 464 3580 tuirea,
487 3525 516 3564 cc
537 3517 601 3565 cont
624 3507 663 3564 les
686 3516 862 3582 antemnaque
885 3508 1051 3566 ate-manes
1067 3527 1120 3584 que
1142 3527 1213 3568 noae
1236 3527 1324 3568 ovone
1342 3509 1457 3584 publiea
1481 3528 1515 3568 an
1535 3527 1555 3584 y
1573 3507 1678 3581 ajoutant
1718 3561 1719 3568 i

368 3611 397 3667 lo
419 3611 577 3668 coloratioo
599 3610 648 3667 des
670 3619 842 3668 monomenta
864 3612 1027 3684 oripinoux.
1071 3609 1277 3672 Recensentur
1298 3611 1404 3670 deinde
1426 3612 1459 3670 in
1480 3609 1605 3690 singulis
1624 3605 1678 3683 legi-

366 3713 422 3771 bus
445 3727 561 3771 errores
585 3712 738 3771 commissi
759 3712 798 3771 ad
819 3712 877 3770 hoc
899 3711 1083 3788 exemplum:

506 3895 618 3974 Corpus
635 3915 667 3974 p.
684 3900 749 3958 855
772 3897 905 3975 (contulit
925 3899 1112 3976 Mammam:
1294 3899 1338 3960 On
1358 3901 1392 3959 lit
1412 3919 1464 3958 aar
1480 3901 1506 3961 la
1528 3902 1678 3959 monument:

411 4036 458 4092 1’'⁰
473 4037 552 4111 soce.
577 4044 629 4092 eut.
658 4035 676 4094 l.
704 4037 739 4094 13
876 4054 914 4094 v·
927 4012 1151 4098 catinscoavn
1371 4055 1409 4095 v·
1422 4052 1634 4098 cainarcouvn

364 4181 371 4197 .
411 4131 463 4193 2⁶²
514 4169 525 4179 -
594 4169 605 4178 ·
655 4136 674 4194 i,
722 4138 739 4195 3
876 4155 985 4198 c·1vtr
1195 4141 1197 4146 ’
1371 4157 1496 4200 caver

511 4270 523 4281 ·
597 4270 607 4281 -
654 4239 673 4296 l.
721 4239 741 4296 4
877 4257 1021 4300 sex-ater
1373 4258 1523 4302 sex-etri

412 4343 458 4399 pre
512 4373 523 4384 -
572 4344 623 4398 int.
650 4341 670 4398 l.
724 4343 737 4398 1
877 4343 1083 4404 llllar·olvl
1372 4339 1660 4404 rur-caesas·nlvl

515 4475 527 4486 -
595 4475 605 4485 -
651 4443 669 4500 l.
722 4443 739 4501 3
877 4441 1004 4552 cos-xp
1372 4453 1501 4506 cos-m

515 4576 528 4588 ·
597 4577 607 4588 ·
650 4546 670 4603 l.
702 4547 740 4605 14
876 4555 1211 4610 er·vu·saevc0avn
1373 4557 1648 4608 ermaaevconvu

414 4729 490 4794 (lum
513 4733 637 4793 tabellas
659 4734 830 4810 recognovi,
851 4735 918 4810 ipse
932 4735 1007 4793 meis
1031 4737 1129 4796 oculis
1145 4735 1279 4797 diffidere
1295 4736 1381 4814 coepi
1403 4735 1602 4812 advocatique
1622 4730 1678 4790 ami·

371 4853 434 4909 cos,
463 4845 496 4894 ut
521 4843 615 4896 testes
642 4836 715 4895 mibi
741 4846 841 4896 essent
866 4837 897 4895 in
924 4857 956 4895 re
985 4840 1137 4915 praesenti
1165 4838 1389 4916 Desjardinium
1416 4857 1480 4898 cum
1509 4838 1605 4897 sexies
1628 4851 1678 4892 cor·

371 4939 492 5010 rexerit,
514 4938 613 4998 sexies
635 4939 790 4998 mentitum
817 4957 893 4998 esse.
937 4939 1097 5000 Mentitum
1124 4941 1206 5014 dico;
1239 4943 1362 5002 namin
1391 4941 1509 5001 tabellis
1535 4941 1572 4998 iis
1597 4936 1679 4996 omnia

374 5040 542 5101 clarissima
563 5042 729 5101 certissima
750 5041 976 5102 evidentissima
996 5053 1076 5116 suut,
1099 5051 1132 5103 ut
1146 5063 1182 5104 ne
1197 5063 1271 5122 puer
1286 5045 1405 5121 quidem
1427 5063 1464 5103 ex
1485 5042 1562 5101 Iulio
1575 5041 1677 5100 Rullum

373 5145 471 5203 facere
492 5143 597 5224 possit
641 5145 746 5222 ltaque
761 5145 915 5205 sollemnis
936 5147 990 5204 illa
1012 5147 1049 5205 de
1071 5148 1185 5226 ectypis
1207 5147 1404 5224 praescriptio
1420 5155 1450 5205 et
1468 5146 1535 5222 ipsa
1556 5141 1679 5203 ementita

375 5248 417 5307 sit
437 5263 559 5306 necesse
580 5255 639 5318 est3
662 5248 753 5307 immo
774 5249 941 5308 tabularum
963 5249 1273 5325 Desjardinianarnm,
1295 5249 1481 5329 paucissimis
1503 5243 1629 5322 exceptis
1648 5238 1678 5296 nd

375 5351 442 5428 ipsa
463 5359 655 5411 monumenta
675 5351 839 5428 expressis,
860 5353 963 5412 eadem
978 5352 1052 5412 fides
1073 5361 1120 5413 est
1140 5361 1232 5432 atque
1246 5354 1449 5433 exemplorum
1469 5350 1548 5428 typis
1568 5349 1677 5421 impres·
