3484 6006
89 653 197 703 are-en
540 649 735 701 enuuoum
755 647 943 700 mnemon.
1334 628 1406 698 357

88 845 190 898 sorum,
216 824 247 882 id
269 834 314 882 est
335 823 425 882 nulla.
469 823 553 882 Idem
576 824 710 900 pervenit
732 821 769 879 ad
792 822 956 899 diplomata
978 821 1087 893 omnia,
1120 831 1152 879 ut
1173 823 1319 898 quidquid
1340 844 1409 900 pro·

11 979 13 990 2
89 929 156 986 terat
180 947 236 1004 pro
264 927 479 998 emendatione,
513 926 654 984 collatum
681 943 747 984 cum
782 925 953 1002 archetypis
980 924 1089 982 falsum
1118 943 1185 984 esse
1211 927 1408 1002 reppererim3

11 1087 13 1110 4
89 1030 137 1088 nisi
169 1029 249 1106 quod
281 1029 370 1087 ctiam
403 1029 499 1106 magis
531 1045 654 1104 pessum
689 1027 769 1086 dedit
799 1028 1007 1086 difficillimum
1037 1027 1247 1086 documentum
1273 1048 1302 1086 n.
1318 1028 1409 1088 XLII

88 1151 113 1206 p.
126 1131 192 1190 884.
235 1132 271 1190 Id
293 1150 349 1210 ego
370 1149 437 1188 cum
461 1132 581 1207 saepius
604 1131 810 1202 examinarim,
842 1141 875 1188 ut
896 1139 989 1188 totum
1012 1129 1225 1206 intellegerem,
1254 1132 1326 1190 mibi
1348 1151 1408 1190 nou
1479 1199 1482 1210 1

87 1235 235 1306 successit3
269 1235 325 1292 hoc
353 1233 498 1306 intellexi,
531 1251 608 1309 quae
641 1233 682 1292 ibi
715 1233 825 1311 legisse
858 1250 892 1292 se
925 1233 1048 1291 simulat
1069 1232 1279 1308 Desjardiuius
1313 1234 1408 1310 (notre

87 1347 237 1414 estompoqe
258 1335 389 1412 dounel),
418 1355 454 1395 ea
476 1336 506 1394 in
529 1337 597 1412 ipso
619 1354 688 1394 aere
710 1355 769 1394 non
793 1336 883 1394 cerni.
929 1333 987 1396 Sed
1010 1335 1047 1392 de
1068 1335 1125 1393 hoc
1146 1335 1308 1411 diplomate
1329 1337 1409 1396 inira

87 1439 173 1498 denuo
200 1440 308 1498 dicam.

120 1543 381 1620 interpretationes
398 1541 646 1617 Dcsjardinianas
661 1541 838 1617 plerumque
859 1541 979 1600 silentio
1001 1541 1163 1612 transmisi,
1186 1560 1250 1600 cum
1272 1543 1407 1602 sluttere

85 1657 130 1704 aut
151 1646 290 1722 vulgares
312 1657 363 1704 aut
383 1645 489 1703 falsae.
534 1643 613 1705 Sane
635 1663 702 1702 cum
725 1643 854 1715 homine,
877 1645 928 1720 qui
950 1643 1173 1720 inscriptionem
1188 1644 1406 1704 Bovianeusem

84 1767 118 1804 ex
137 1765 262 1824 corpore
284 1749 508 1824 inscriptionum
524 1745 791 1824 Neapolitanarum
814 1765 843 1804 n.
863 1746 941 1804 4985
962 1757 1099 1824 repetens
1121 1746 1164 1824 (p.
1183 1747 1256 1823 126)
1279 1767 1407 1826 appara-

84 1859 138 1908 tum
164 1869 265 1908 meum
293 1851 383 1908 solito
410 1869 492 1908 more
520 1867 606 1908 suum
634 1850 747 1907 tociens
776 1853 820 1907 sic
847 1867 914 1906 eum
942 1850 1087 1925 corrupit:
1123 1850 1175 1908 elle
1202 1871 1221 1909 o
1242 1852 1285 1908 cte
1310 1871 1407 1910 encore

80 1953 183 2028 publiea
205 1972 280 2028 por:
317 1953 383 2012 Cod.
410 1951 610 2028 llbclccopplc
630 1953 657 2026 f.
683 1952 737 2020 74;
765 1961 790 2008 ct
820 1950 942 2008 Galanti
963 1953 988 2024 1,
1009 1951 1058 2022 29,
1086 1961 1116 2010 et
1143 1971 1180 2010 ne
1208 1953 1265 2011 hoc
1287 1953 1407 2029 quidem

82 2055 221 2134 intellegit
243 2055 340 2112 tribus
363 2054 470 2112 litteris
493 2071 552 2112 non
573 2071 754 2131 praenomen
782 2053 911 2112 bominis
933 2053 1069 2124 indicari,
1097 2055 1149 2112 sed
1175 2055 1307 2115 codicem
1330 2056 1406 2132 peri·

83 2159 114 2215 tis
141 2158 229 2215 hodie
257 2169 422 2232 pernotum,
445 2156 476 2214 in
498 2157 587 2214 rebus
610 2156 811 2232 epigraphicis
834 2176 893 2214 nou
918 2165 976 2214 tam
1000 2175 1103 2214 severe
1126 2159 1273 2236 agendum
1296 2171 1350 2232 est,
1374 2169 1407 2217 ut

81 2260 145 2334 quid
167 2267 325 2336 praeterea
346 2259 442 2317 adhuc
457 2277 516 2316 nou
539 2258 685 2328 didicerit,
708 2259 912 2334 expendamus
935 2267 964 2316 et
986 2278 1182 2336 exponamus.
1227 2261 1356 2320 Meliora
1377 2271 1406 2320 et

81 2362 216 2434 doctiora,
238 2381 316 2439 quae
338 2381 356 2420 a
378 2362 507 2421 Reniero
529 2361 666 2436 arripuit,
688 2365 750 2420 suis
772 2361 847 2419 locis
870 2361 1077 2420 indicavimus.

457 2545 728 2607 ¹onumcvu
751 2548 794 2625 (p.
810 2547 880 2606 420.
907 2549 1009 2623 1041).

81 2704 141 2764 575
163 2707 201 2765 ad
225 2704 363 2765 natta.
407 2705 584 2780 Desjardius
609 2705 657 2764 29.
702 2705 803 2764 Titulo
831 2706 929 2763 denuo
956 2707 1126 2765 examinato
1156 2707 1227 2766 mihi
1251 2689 1407 2768 constabat

116 2825 179 2866 esse
195 2811 227 2867 in
242 2809 302 2866 fine
317 2824 451 2866 nvescer
465 2839 471 2852 ·
484 2823 553 2882 xuo
570 2809 583 2884 Η
601 2823 677 2885 oasa
699 2808 854 2866 elementis
871 2808 988 2867 duobus
1012 2823 1034 2867 0
1050 2817 1109 2867 ets
1125 2811 1298 2885 expunctis;
1322 2811 1403 2870 dedit

114 2912 202 2988 igitur
224 2911 437 2988 quaduatarius
460 2927 553 2969 ΜΝ
572 2909 576 2990 l
594 2925 616 2969 0
633 2927 674 2970 se,
719 2909 757 2970 V.
773 2921 850 2970 extr.
867 2920 935 2970 aute
952 2926 974 2970 0
990 2921 1019 2970 et
1035 2921 1105 2988 post
1120 2929 1135 2969 Ε
1150 2931 1283 2972 marmor
1299 2923 1393 2974 vacat.

80 3119 143 3181 576
165 3123 201 3180 ad
225 3143 256 3181 n.
276 3122 365 3182 3255.
409 3122 588 3198 Desjardius
605 3142 633 3180 n.
651 3123 685 3180 91
706 3122 754 3180 hie
769 3123 988 3199 deprehendere
1011 3123 1067 3182 sibi
1083 3124 1167 3182 visus
1191 3131 1235 3182 est
1257 3125 1403 3186 coloniam

115 3226 213 3284 nescio
242 3243 333 3300 quam
359 3221 493 3284 ‘Petram
525 3225 564 3282 ad
596 3219 772 3300 planitiem,
803 3234 971 3284 monstrum
1002 3227 1051 3284 vel
1077 3245 1095 3283 a
1124 3227 1271 3286 sermonis
1302 3229 1403 3288 Latini

115 3328 331 3387 consuetudine
353 3325 527 3386 abhorrens
572 3326 702 3386 Omnino
719 3346 819 3386 verum
835 3327 977 3404 estquod
992 3328 1059 3386 dedi
1074 3347 1130 3407 ego
1152 3345 1245 3387 clean
1260 3329 1323 3406 (vel
1345 3331 1404 3391 for-

1263 3413 1311 3445 Λ

113 3461 189 3507 tasse
211 3448 258 3524 m)
282 3463 365 3507 nevo.
408 3449 482 3525 Ipsa
510 3450 676 3524 scripturae
706 3449 846 3520 artificia,
875 3457 907 3505 ut
934 3447 1098 3506 efficiantur
1126 3451 1243 3508 litterae
1265 3418 1402 3508 prisii>

114 3533 241 3629 emsbbvo
264 3570 440 3646 praesertim
461 3570 493 3628 in
515 3569 616 3646 lapide
636 3570 674 3627 ab
694 3569 840 3628 eiusmodi
865 3570 1138 3644 contignationibus
1160 3571 1291 3629 insolitis
1313 3572 1402 3648 plane

114 3673 209 3730 alieno
233 3672 396 3730 ostendunt
417 3672 491 3731 baec
513 3672 631 3730 somnia
653 3688 720 3728 esse
742 3671 871 3729 hominis
894 3673 926 3730 in
949 3673 1078 3732 tenebris
1102 3674 1304 3733 caecutientis.

421 3979 765 4080 TEVTOBVRQIVM
787 3981 831 4058 (p.
849 3981 918 4041 423.
945 3981 1048 4058 1041).

81 4131 141 4198 57¹1
164 4140 202 4198 ad
224 4161 255 4199 n.
274 4139 362 4199 6450.
407 4139 463 4200 llit
486 4139 646 4216 descripsit
668 4141 723 4199 sic:

690 4295 784 4336 DEO

650 4397 823 4440 seuero

650 4499 821 4542 HERCle

650 4601 823 4643 T·Fc·mcn

648 4704 821 4746 ortvs-aff.

648 4805 819 4848 coelitis

627 4909 717 4972 ¹aaut
747 4909 834 4964 EQ

647 5011 730 5052 TRIB
746 5010 820 5052 COH

649 5115 671 5154 lt
694 5116 720 5154 Ν
748 5113 821 5156 ΒΑΕ

580 5220 605 5260 ιο
648 5215 837 5271 nemaeo„

648 5317 819 5360 v·s·c·m
