3520 6006
404 679 474 748 172
972 697 1154 752 consens:

399 871 456 930 29.
499 871 536 930 In
562 871 685 932 nedibus
712 873 814 932 strada
841 874 873 932 di
894 871 1041 932 Mercurio
1063 892 1091 930 n.
1113 874 1148 930 18
1175 873 1214 931 sd
1241 873 1397 934 sinistrum
1422 875 1566 952 angulum
1588 876 1715 936 vestibuli

440 991 547 1034 versus
574 975 682 1035 utrium
710 974 806 1035 inciso
831 975 862 1033 in
888 973 1018 1053 lapidem
1044 973 1203 1036 culcsrium
1224 974 1404 1054 quadratum
1429 995 1498 1038 cum
1520 977 1656 1058 vestigiis
1675 998 1716 1036 rn-

440 1075 488 1136 bri
509 1076 633 1138 coloris:

774 1209 900 1286 (llAX
1061 1213 1064 1220 ’
1216 1214 1317 1274 xvn.

479 1370 652 1430 Delinenvit
672 1370 710 1430 R.
727 1367 878 1442 Schoene,
905 1369 1051 1448 qui-dicit
1072 1371 1233 1430 verisimile
1255 1388 1336 1444 esse,
1364 1381 1396 1430 ut
1420 1391 1481 1432 non
1509 1381 1627 1433 certum
1651 1375 1716 1432 hauc

397 1489 463 1531 esse
490 1473 604 1532 numeri
631 1483 733 1532 notem
755 1472 878 1533 Oscum.
922 1471 980 1534 Sed
1009 1491 1075 1532 cum
1097 1489 1119 1531 n
1140 1491 1193 1532 nec
1220 1473 1334 1532 numeri
1360 1483 1433 1532 noto
1453 1474 1565 1535 Latina
1596 1476 1648 1548 sit,
1672 1495 1715 1534 nec

396 1574 498 1634 litters
519 1574 602 1635 Osco
623 1575 670 1635 vel
691 1575 815 1648 Latine,
842 1593 967 1651 cumque
992 1575 1024 1634 in
1051 1575 1180 1634 nummis
1201 1573 1291 1634 Oscis
1318 1585 1483 1654 appareant
1510 1590 1604 1636 notae
1630 1577 1716 1638 Oscae

396 1695 587 1736 numerorum
603 1693 919 1751 rnx‚1rnx,rrmx‚rrrrx
933 1677 1011 1736 nlioe
1028 1675 1185 1752 (Momm,
1204 1675 1268 1736 Uot.
1284 1677 1367 1736 Dici
1380 1697 1412 1754 p.
1426 1677 1498 1737 202.
1510 1679 1581 1738 312.
1606 1680 1715 1748 Fried„

401 1779 469 1838 Oek.
486 1779 582 1838 Minu.
601 1799 634 1856 p.
653 1780 703 1839 72.
718 1779 782 1857 83),
805 1797 864 1837 non
886 1778 1009 1838 dubium
1025 1779 1160 1853 videtur‚-
1171 1779 1244 1856 quin
1258 1780 1378 1856 signnm
1393 1797 1454 1839 unx
1474 1781 1506 1838 in
1521 1781 1625 1858 lepide
1639 1781 1715 1840 Pom-

396 1883 503 1958 peiano
525 1883 603 1941 idem
625 1883 726 1942 velent
751 1891 785 1942 ut
805 1891 877 1942 notu
898 1898 960 1941 nux
980 1882 1013 1941 in
1033 1882 1162 1940 nummis
1185 1879 1291 1955 Oscis,
1318 1882 1456 1959 quumvis
1484 1882 1595 1943 ultimo
1619 1884 1716 1944 lineola

395 1983 478 2044 illius
500 1985 616 2044 incerte
636 1984 685 2042 sit.

396 2419 456 2481 30.
488 2421 621 2481 Titulus
647 2423 740 2480 rubro
767 2422 867 2482 colore
895 2422 993 2498 pictus
1020 2421 1053 2482 in
1078 2421 1178 2500 lepide
1206 2421 1298 2482 tofino
1323 2422 1404 2500 pileo
1425 2425 1542 2500 positso
1563 2425 1598 2484 in
1618 2423 1716 2502 ungulo

438 2523 616 2584 occidentali
638 2523 744 2584 domus
767 2541 837 2584 coco
859 2524 906 2583 del
927 2525 1046 2584 Fauno:

756 3025 1127 3102 ....o.t.flsanisri
1142 3080 1252 3099 .....

478 3229 673 3290 Delinentum
699 3229 780 3290 misit
801 3230 840 3289 R.
861 3227 1005 3291 Schoene.
1050 3228 1127 3290 Cum
1153 3228 1201 3288 his
1222 3229 1429 3306 inscriptionis
1452 3225 1554 3288 Oscee
1578 3229 1716 3306 relliquiis
1753 3227 1754 3288 l

396 3332 589 3410 comparendi
611 3339 682 3390 sunt
703 3331 780 3392 tituli
801 3331 833 3391 in
855 3332 1018 3410 parietibus
1040 3331 1158 3391 aedium
1181 3349 1251 3390 cosa
1273 3333 1305 3390 di
1326 3329 1469 3390 Sallustio
1492 3331 1669 3408 (d'Attoooc)
1692 3339 1717 3388 et

396 3453 466 3493 cosa
488 3435 519 3493 di
537 3433 640 3494 Pausa
661 3433 769 3494 iisdem
790 3435 891 3494 verbis
913 3434 1048 3512 concepti
1070 3443 1100 3492 et
1121 3433 1210 3492 rubro
1233 3433 1333 3491 colore
1354 3433 1428 3509 picti
1448 3433 1480 3492 in
1501 3433 1603 3510 lepide
1623 3433 1716 3502 totino,

396 3536 538 3608 Momoss„
567 3535 630 3596 Uoc.
647 3537 729 3595 Diol.
752 3547 771 3595 t.
787 3536 846 3608 XI,
864 3537 911 3608 19,
926 3557 953 3594 n.
970 3537 1000 3595 b:
1022 3535 1128 3595 Eksulc
1148 3537 1305 3594 cmcluoud
1326 3537 1416 3594 cincus
1440 3535 1515 3612 (eit.)
1539 3546 1619 3595 outa
1640 3535 1717 3593 tiurri

397 3637 469 3696 XII
477 3641 520 3696 iol
540 3638 610 3714 (tud)
623 3657 680 3698 uer.
696 3637 791 3715 (veru)
808 3637 926 3710 Somou,
945 3640 1006 3716 pus
1015 3640 1136 3714 suomet
1153 3638 1214 3696 Mr.
1227 3637 1362 3710 Audiriie
1377 3637 1544 3716 (Audit-iis)
1557 3637 1591 3698 V.
1607 3663 1643 3688 =
1659 3637 1716 3694 Hoc
1752 3709 1753 3722 ἒ

395 3741 502 3798 ambito
524 3740 602 3816 (vioe
623 3737 770 3818 anfracto)
803 3749 869 3798 cunt
889 3745 963 3799 inter
983 3743 1083 3801 turrim
1104 3741 1297 3799 duodecimam
1318 3749 1344 3798 et
1360 3749 1477 3815 portum
1499 3739 1648 3807 Sociorum,
1674 3738 1716 3795 uli
1752 3757 1753 3788 r

396 3842 507 3901 dabitat
520 3841 627 3902 Maras
643 3843 765 3901 Adirius
785 3842 861 3902 Vibii
867 3846 895 3920 s.
920 3841 970 3919 (C.
984 3842 1018 3899 Z.
1028 3845 1056 3919 s.
1078 3842 1166 3918 cerpl.
1183 3839 1253 3917 Spr.
1269 3840 1304 3912 V,
1326 3841 1386 3900 129
1399 3859 1442 3918 sq.
1454 3841 1551 3914 XIII,
1573 3843 1634 3902 259
1653 3840 1714 3916 sp).

395 3943 446 4002 Ex
470 3945 576 4002 horum
602 3944 756 4004 titulorum
777 3944 878 4004 verbis
905 3943 1109 4022 inscriptionis
1138 3943 1294 4020 relliquiae
1320 3961 1414 4020 supro
1439 3945 1569 4023 scriptae
1594 3944 1669 4002 hunc
1688 3941 1713 3998 in

396 4045 516 4105 modum
538 4045 722 4125 supplendae
744 4045 894 4106 videntur:

817 4247 971 4325 eks]u[k]
1001 4245 1177 4324 a[mvinnnd
1197 4241 1328 4326 eit]u[ns
1751 4229 1752 4244 ³

818 4380 904 4429 anter
925 4368 1023 4445 tiurri]
1052 4356 1086 4432 X
1107 4363 1160 4432 lnl
1185 4357 1329 4458 X.pnf

817 4490 972 4568 faam]a[t]
994 4479 1175 4556 t.flsonis
1200 4483 1226 4551 ri

700 4672 769 4732 Hoc
791 4674 904 4733 ambitu
925 4673 1006 4750 (vise
1028 4673 1178 4750 anfractu)
1200 4681 1272 4734 eunt

701 4776 780 4835 inter
799 4775 905 4835 turrim
926 4775 1071 4836 decimum
1093 4783 1123 4836 et
1144 4775 1339 4849 undecimam,
1366 4775 1418 4834 nbi

701 4879 816 4938 habitet
837 4877 926 4937 Titus
947 4876 1088 4938 Fisenlus
1110 4876 1203 4968 Oppii
1225 4877 1314 4937 lilius.

479 5067 604 5127 Plenius
627 5070 675 5146 egi
696 5068 732 5126 de
754 5069 811 5128 hoc
832 5069 920 5128 titulo
947 5068 979 5126 in
1001 5068 1251 5129 commentatione
1272 5067 1308 5126 de
1330 5069 1452 5146 linguae
1474 5065 1571 5126 Oscae
1596 5063 1707 5140 quibus·

394 5170 463 5230 dem
485 5171 701 5242 monumentis,
730 5170 765 5231 Ζ.
780 5174 808 5249 s.
831 5171 919 5250 uerql.
938 5169 1005 5247 Spr.
1023 5171 1133 5244 XXII,
1158 5169 1220 5230 295
1240 5189 1284 5246 sq.
1319 5171 1357 5246 cs.
1382 5169 1446 5228 289
1466 5189 1509 5246 sq.
