3548 6012
162 1806 423 1922 cinitot
459 1805 842 1922 ANGONITANI
879 1802 1372 1920 INSGRIPTIONVM

222 1993 677 2110 uusssnotuvut
714 1990 995 2108 SYLLOGE
1032 1990 1306 2106 lNllltl'lA.

107 2471 309 2616 Mazochii
332 2559 580 2636 epigrammatum
603 2559 662 2638 (od.
678 2560 795 2620 Romae
809 2558 904 2636 1521)
927 2558 1064 2634 exemplo
1085 2557 1157 2616 olim
1178 2557 1210 2617 in
1226 2555 1258 2618 S.
1275 2556 1437 2637 Augustini

105 2662 260 2734 coenobio,
290 2681 373 2720 nunc
399 2663 430 2720 iu
458 2663 662 2722 universitatis
685 2663 867 2722 bibliotheca
888 2661 993 2738 (xlv,
1016 2658 1054 2734 Q.
1071 2659 1125 2736 20)
1146 2659 1260 2720 Paulae
1281 2668 1436 2720 asservato

105 2762 133 2820 in
157 2765 239 2823 culce
269 2764 450 2824 subiunctae
478 2771 547 2824 sunt
572 2765 689 2843 aliquot
708 2765 921 2844 inscriptiones
943 2781 1034 2824 mann
1056 2763 1201 2841 scriptae,
1228 2782 1353 2842 graecae
1374 2763 1436 2840 ple·

107 2883 221 2942 raeque,
245 2865 417 2926 Lesbiaoae
439 2885 553 2928 omnes.
588 2868 750 2945 Indagavit
766 2867 849 2937 baud
871 2867 1032 2954 ignobilem
1053 2867 1130 2924 banc
1152 2865 1290 2944 syllogen
1312 2868 1438 2926 circum·

107 2977 205 3043 specta
226 2967 387 3028 Theodori
409 2970 579 3030 Mommsen
600 2970 755 3048 diligentia
775 2969 967 3046 eiusdemque
990 2969 1045 3028 viri
1066 2969 1177 3048 insigni
1198 2968 1343 3028 beneficio
1363 2969 1438 3026 mihi

107 3069 158 3127 boc
182 3072 289 3130 datum
317 3078 377 3144 est,
404 3083 436 3131 ut
463 3080 617 3150 comperto
642 3073 730 3150 louge
756 3072 902 3150 plurimas
929 3089 996 3132 esse
1016 3071 1160 3144 ineditas,
1186 3071 1317 3150 reliquas
1339 3077 1437 3130 sutem

108 3190 162 3229 non
183 3173 250 3232 sina
272 3174 375 3232 fructu
398 3195 436 3234 ox
458 3195 536 3236 novo
558 3177 639 3235 fonte
661 3177 768 3236 iterum
790 3174 838 3235 edi
860 3193 962 3252 posse,
984 3191 1087 3234 omnes
1108 3183 1256 3252 quotquot
1274 3180 1376 3233 essent
1395 3175 1438 3232 in·
1490 3163 1493 3170 ’

109 3275 286 3351 scriptiones
308 3275 427 3334 ederem
448 3278 604 3355 editasque
626 3279 806 3338 necessariis
829 3277 1082 3337 commentariolis
1105 3276 1293 3336 adornarent.

184 3375 287 3437 Rarse
311 3395 385 3437 sana
406 3397 478 3439 aves
500 3380 597 3438 adhuc
618 3379 701 3439 fuere
722 3380 802 3440 tituli
824 3379 924 3457 graeci
946 3398 986 3438 ex
1008 3379 1082 3439 solis
1105 3379 1191 3439 libris
1212 3378 1438 3456 manuscriptis

108 3477 216 3552 tradit13
240 3480 298 3539 sed
313 3480 491 3541 Mommseni
510 3482 683 3560 exemplum
697 3483 858 3541 latinarum
873 3479 1100 3560 inscriptionum
1117 3482 1205 3560 copia
1220 3482 1343 3542 mirifice
1357 3481 1439 3540 illinc

108 3591 189 3640 aucta
210 3583 374 3659 probatum
396 3584 665 3643 luculentissimam
687 3583 774 3644 nobis
797 3604 881 3662 spem
904 3586 1030 3662 aperuit,
1051 3584 1116 3644 fore
1137 3595 1170 3643 nt
1191 3585 1302 3644 eisdem
1318 3585 1438 3644 tandem

107 3682 280 3762 diligentius
302 3685 391 3744 aditis
412 3686 545 3746 fontibus
563 3687 653 3746 etiam
669 3706 843 3766 graecarum
860 3697 1013 3764 emergant
1026 3687 1107 3746 haud
1123 3687 1234 3764 exigua
1247 3687 1438 3746 incrementa.

14 3836 20 3852 ,
108 3783 232 3861 cyriaco
248 3789 452 3861 Anconitano,
472 3789 627 3849 indefesso
648 3799 905 3850 monumentorum
920 3790 1208 3868 inscriptionumque
1221 3789 1439 3866 investigatum,

14 3875 15 3878 ¹
107 3888 169 3946 siue
182 3889 245 3966 ipsi
262 3889 326 3948 sive
340 3890 387 3949 his
402 3891 453 3968 qui
468 3893 531 3951 eius
546 3893 650 3970 copias
665 3893 696 3951 in
712 3911 798 3952 suum
814 3911 903 3952 usum
919 3900 1141 3965 converterunt,
1160 3893 1191 3951 in
1211 3891 1317 3969 primis
1333 3891 1441 3951 deben-

107 3999 151 4046 tur
170 4008 251 4066 quae
274 4009 382 4068 graeca
402 4011 442 4050 ex
464 3994 620 4054 codicibus
642 4014 722 4054 nova
742 3994 920 4054 redundant.
963 3993 1005 4052 Et
1026 3993 1159 4072 Oyriaoi,
1187 3994 1239 4070 qui
1260 4011 1339 4053 anno
1361 3994 1435 4053 1431

14 4148 18 4157 ,
107 4109 144 4150 ex
169 4093 289 4153 oriente
312 4094 408 4154 redux
435 4113 576 4172 magnum
602 4097 756 4158 titulorum
783 4116 940 4157 numerum
966 4096 1135 4175 adportavit
1145 4097 1189 4174 ¹),
1218 4096 1297 4155 hanc
1322 4114 1441 4174 quoque

108 4211 193 4269 quam
216 4197 353 4257 editurus
375 4215 442 4258 sum
464 4198 603 4276 syllogen
624 4217 692 4259 esse
713 4199 856 4259 iudicavit
869 4201 1045 4260 Mommsen.
1078 4199 1118 4258 Et
1134 4199 1292 4258 verissime
1310 4199 1441 4276 quidem.

107 4294 208 4378 Longe
231 4299 362 4376 plurima
383 4318 456 4377 pars
478 4309 510 4359 ut
531 4300 594 4359 dixi
616 4301 771 4362 titulorum
793 4303 905 4362 inedita
926 4310 985 4374 est3
1009 4302 1123 4379 aliquot
1139 4310 1239 4360 tamon
1253 4301 1338 4361 novit
1352 4302 1442 4361 etiam

13 4413 14 4416 ’
109 4397 230 4460 Boeckb
246 4411 394 4480 anteaqne
409 4412 556 4462 noverunt
568 4401 680 4464 Gruter
694 4414 724 4463 et
732 4404 887 4479 Muratori‚
904 4425 1030 4482 quorum
1046 4405 1098 4464 ifle
1112 4403 1214 4464 codice
1228 4403 1368 4463 Palatino
1382 4403 1440 4463 156

110 4500 141 4576 (1.
157 4503 274 4582 l4sq.)‚
295 4505 344 4563 bic
359 4505 479 4565 schedis
490 4504 698 4566 vallicellanis
720 4507 817 4568 alos.
830 4507 1007 4567 Bionchinio
1026 4507 1128 4568 missis
1151 4506 1243 4582 (nunc
1258 4505 1323 4566 cod.
1334 4505 1441 4566 Vallia.

111 4601 189 4663 (147
212 4606 234 4666 1.
251 4605 290 4664 43
301 4607 383 4684 sqq.)
405 4625 477 4668 usus
500 4618 554 4668 est.
590 4609 627 4667 In
641 4608 782 4668 Palatino
804 4610 881 4668 libro
904 4627 959 4668 sex
979 4617 1049 4670 sunt
1070 4609 1170 4689 graeci
1192 4608 1282 4682 tituli,
1303 4607 1443 4668 Lesbiaci

111 4723 210 4767 omnes
232 4705 325 4784 ((1.1.
342 4708 381 4769 G.
398 4709 489 4769 2171.
506 4710 598 4770 2173.
614 4709 705 4770 2190.
722 4710 813 4770 2211.
831 4711 921 4771 2194.
939 4711 1035 4788 2172)
1058 4731 1223 4790 omnesque
1243 4721 1364 4790 praeter
1381 4711 1443 4789 pri-

110 4825 188 4866 mum
209 4804 241 4868 ih
256 4809 392 4870 Paviana
413 4812 530 4889 sylloge
550 4811 683 4872 redeunt.
716 4813 877 4874 Praecedit
890 4833 930 4873 ex
945 4815 1037 4874 variis
1053 4816 1250 4894 scriptoribus
1266 4815 1444 4894 deprompta

111 4909 145 4967 do
158 4909 260 4972 Lesbo
278 4913 382 4972 insula
396 4914 549 4974 adnotatio
565 4915 774 4995 geographica,
797 4924 830 4976 ut
845 4925 926 4976 certo
942 4917 1068 4976 consilio
1084 4917 1212 4978 solidam
1226 4917 1442 4978 Lesbiacorum

185 5173 209 5234 ¹)
236 5174 307 5226 Vide
326 5175 394 5226 uitae
415 5176 517 5241 cyriaci
530 5179 756 5262 Sculamontianaa
775 5195 800 5243 p.
815 5179 1001 5247 Lxxxnsq.‚
1022 5181 1084 5230 item
1103 5181 1260 5232 Mommseni
1279 5188 1442 5246 conspectum

110 5262 229 5317 itinerum
250 5266 354 5332 Cyriaci
373 5283 511 5336 eorumque
531 5287 596 5337 quae
616 5282 650 5322 ax
669 5273 861 5322 commentariis
881 5274 935 5324 ains
955 5280 1091 5340 supersunt
1111 5273 1141 5325 Ο.
1160 5275 1183 5325 1.
1199 5274 1230 5324 1..
1248 5275 1292 5326 111
1309 5291 1335 5340 p.
1351 5273 1442 5326 XXII.

110 5354 215 5410 xxm

1197 5457 1211 5514 1
1321 5485 1327 5492 .
