3520 6006
525 606 599 658 nux
619 605 701 657 con.
722 605 952 656 oaunmvss.
1169 611 1173 623 ·
1333 583 1404 654 139
1477 569 1483 580 ’

157 777 263 857 Capite
288 778 398 838 XCIII
425 787 540 838 vetatur
566 779 673 837 duovir
698 779 905 858 praelectusre
931 779 968 837 ds
994 779 1062 838 loco
1084 778 1203 858 publico
1226 795 1318 854 prore
1339 778 1407 836 loco

86 882 192 958 publico
216 882 268 939 vel
296 901 316 940 a
341 882 527 960 redemptore
551 882 687 960 mancipe
712 880 823 958 praede
843 881 954 942 donum
976 899 1084 940 munus
1105 881 1269 940 mercedem
1292 899 1408 958 capere.

86 981 161 1056 Quod
180 1002 248 1042 cum
272 1000 451 1062 expressum
466 984 604 1044 rideatur
625 983 663 1042 ad
684 985 806 1064 publica
826 985 892 1044 iura
912 983 1016 1062 populi
1031 983 1170 1056 Romani,
1192 1001 1321 1060 quanam
1341 983 1408 1060 lege

86 1085 235 1146 secundum
264 1106 302 1146 ea
330 1095 467 1146 teneatur
492 1088 545 1164 qui
566 1085 712 1146 eiusmodi
733 1087 843 1146 donum
868 1087 983 1164 accepit
1003 1085 1125 1146 difficile
1147 1086 1228 1146 dictu
1251 1094 1311 1158 est3
1339 1105 1408 1144 nam

85 1189 303 1264 repetundarum
328 1189 439 1248 crimen
466 1189 577 1248 sociale
602 1198 651 1248 est
670 1207 767 1266 neque
789 1189 871 1248 aliud
892 1189 987 1248 ullum
1009 1198 1119 1266 aptum.
1163 1187 1309 1248 Fortasse
1329 1187 1409 1265 cogi-

86 1291 191 1350 tandum
218 1301 271 1351 est
296 1292 335 1350 de
361 1292 427 1369 lege
453 1311 504 1364 ea,
532 1309 623 1370 quam
643 1288 787 1368 cicer01)
814 1292 858 1352 sic
880 1291 977 1352 effert:
1006 1293 1111 1350 donum
1131 1310 1166 1350 nc
1188 1295 1321 1368 capiunto
1341 1309 1410 1349 cece

86 1394 225 1454 dmmeeue
242 1395 371 1470 petendo
390 1413 458 1453 cece
476 1395 602 1470 peranda
622 1412 690 1452 nece
709 1403 792 1470 petto
808 1403 962 1470 potestate3
984 1394 1058 1452 haec
1079 1394 1158 1454 enim
1180 1393 1293 1453 ambitu
1314 1392 1409 1470 mqui-

86 1497 142 1554 dem
161 1497 401 1574 comprehendit,
423 1497 476 1556 sed
497 1497 569 1556 item
590 1495 629 1556 ad
650 1515 687 1555 ea
708 1495 788 1555 dona
808 1497 845 1556 dc
866 1497 975 1573 quibus
998 1496 1169 1573 quaerimus
1190 1505 1270 1556 recte
1293 1495 1410 1554 videtur

85 1597 182 1658 referri
227 1598 347 1678 Legem
375 1609 473 1660 autem
496 1597 630 1660 Cinciam
656 1617 725 1658 cum
752 1607 869 1660 constet
894 1599 1101 1676 prohibuisse,
1127 1599 1288 1676 quominus
1314 1599 1409 1657 cliens

85 1709 196 1778 pauouo
218 1701 338 1762 donum
360 1721 507 1762 munusve
528 1696 666 1780 darct¹),
689 1701 792 1761 eadem
815 1701 876 1760 alio
897 1701 996 1780 capite
1017 1701 1054 1761 de
1076 1701 1162 1762 donis
1183 1721 1203 1762 a
1222 1701 1409 1778 redemptore

86 1805 262 1884 magiscami
285 1805 399 1865 oblatis
421 1804 539 1865 cavisse
559 1813 668 1884 potest.

154 2417 388 2498 menachus
416 2418 551 2478 colonius
579 2418 760 2480 adscribitur
788 2419 946 2498 imperium
975 2425 1170 2498 potestasque
1199 2419 1271 2496 (auo
1298 2434 1554 2500 quoquemgtsm.

87 2539 147 2578 runo
166 2527 345 2599 mopiatrotu
364 2525 537 2600 tmperioque
559 2521 589 2594 t,
607 2521 659 2594 163
686 2525 769 2600 quiue
790 2531 849 2580 tum
869 2525 1057 2598 orupietrotua
1078 2525 1225 2599 imperium
1242 2531 1409 2600 potestatem
1425 2515 1465 2558 ¹¹¹⁸
1477 2509 1547 2594 ,⁰⁰¹0'

167 2625 284 2684 labebit
306 2623 405 2696 6,13;
432 2623 471 2682 cf.
496 2625 524 2696 1,
539 2623 572 2684 8:
595 2623 688 2684 1Ῑυίνί
707 2625 875 2702 quicumque
895 2627 926 2682 ic
948 2643 982 2682 eu
1005 2623 1116 2684 colonio
1136 2628 1336 2702 mapiatrotum
1357 2626 1409 2684 lo·
1458 2597 1517 2632 ΜΘ

89 2725 195 2804 tabum).
241 2723 419 2804 Opponitur
442 2726 503 2804 ipsi
529 2725 718 2804 magistratui
740 2725 833 2800 6,16
860 2729 912 2804 qui
933 2744 991 2804 pro
1017 2745 1073 2804 quo
1098 2731 1217 2804 imperio
1239 2735 1412 2804 potestateve

88 2837 135 2887 uu
153 2834 182 2888 iu
203 2831 322 2888 colonio
340 2826 477 2887 Gaudeo
498 2832 552 2888 erit
574 2828 771 2906 similiterque
794 2829 823 2900 3,
840 2829 877 2888 13
899 2829 982 2887 Huir
1002 2829 1030 2886 ei
1051 2829 1103 2906 qui
1117 2848 1175 2908 pro
1191 2839 1329 2906 potestate
1349 2838 1410 2900 est3

89 2937 200 3008 utroque
226 2931 301 2992 loco
328 2931 499 3010 praelectus
526 2930 644 2990 videtur
671 2929 843 3008 significari.
889 2929 1080 3008 Quamquam
1106 2931 1178 2992 alibi
1203 2933 1230 3004 1,
1249 2929 1287 2991 69
1312 2931 1411 2991 verbis

87 3051 133 3106 pro
162 3053 191 3093 eo
222 3037 348 3110 imperio
373 3043 514 3110 potestate
540 3033 621 3092 Ilvir
647 3033 817 3111 praelectus
846 3033 1011 3111 aedilisque
1040 3033 1338 3112 comprehenduntur.
1371 3067 1410 3078 —

90 3133 177 3196 Verba
194 3136 229 3210 6,
249 3138 303 3196 13:
332 3139 415 3214 petius
442 3147 499 3196 tum
524 3139 709 3213 mopistrotue
732 3139 881 3214 imperium
899 3145 1068 3213 potestatem
1089 3135 1252 3196 colonorum
1273 3136 1411 3212 euffropio

90 3250 155 3311 peret
177 3238 275 3317 (peret
301 3237 380 3314 del.)
407 3241 543 3316 iussuque
570 3239 601 3299 C.
633 3237 770 3300 Caesarie
874 3238 987 3298 babebit
1023 3239 1050 3298 si
1085 3245 1165 3299 recte
1197 3239 1307 3298 tradita
1332 3247 1412 3310 sunt,

92 3341 271 3418 magistratus
299 3360 319 3400 a
344 3341 460 3400 colonis
485 3342 528 3400 ita
549 3340 636 3402 electi
657 3349 742 3414 suut,
770 3351 804 3402 ut
829 3339 938 3401 deinde
959 3361 979 3400 a
1000 3339 1129 3402 Caesare
1151 3341 1411 3414 confirmarentur3

93 3444 160 3516 quod
184 3461 244 3522 quo
270 3444 338 3504 iure
363 3443 428 3503 tisri
453 3443 597 3522 potuerit,
624 3445 741 3518 nescio,
767 3461 864 3521 neque
890 3443 930 3502 ad
958 3443 1211 3504 confirmationem
1236 3453 1411 3522 perpetuam

95 3545 290 3606 stabiliendam
318 3547 394 3606 estis
415 3545 472 3628 iqit
492 3547 581 3606 unius
601 3545 759 3606 dictatoris
781 3543 816 3606 O.
839 3543 981 3606 Caesaris
1003 3564 1110 3605 nomen
1131 3545 1214 3624 poni.
1255 3545 1411 3622 Magistra·

93 3654 146 3716 tue,
174 3639 225 3726 qui
255 3647 346 3726 primi
372 3655 476 3708 essent
503 3658 573 3726 post
597 3649 744 3708 coloniam
769 3647 940 3720 deductam,
970 3667 1031 3708 uon
1059 3647 1233 3708 colonorum
1261 3647 1412 3724 suffragiis

95 3759 196 3810 creatos
222 3768 307 3822 esse,
333 3751 388 3809 sed
414 3769 433 3808 a
458 3749 611 3811 conditore
638 3751 734 3811 iactos
760 3758 994 3812 consentaneum
1022 3757 1070 3810 est
1089 3749 1331 3828 intellegiturque
1352 3749 1413 3808 for·

95 3857 163 3910 tasse
183 3853 215 3912 id
235 3853 346 3930 ipsum,
368 3870 549 3930 quamquam
570 3865 633 3913 tum
655 3853 842 3914 scribendum
865 3861 911 3913 est
930 3857 1052 3913 tueauoe.

167 3956 213 4014 Ad
234 3955 407 4031 petitionem
431 3956 576 4016 honorum
597 3974 675 4032 quae
696 3956 846 4032 pertinent
867 3975 893 4015 c.
909 3954 1063 4015 CXXXII
1084 3954 1121 4014 de
1138 3954 1346 4032 largitionibus
1362 3972 1411 4032 pe·
1437 3968 1493 4018 Lex
1508 3968 1540 4018 de

98 4055 197 4116 titionis
218 4075 310 4116 causa
330 4075 390 4115 nou
411 4057 557 4117 faciendis
581 4057 624 4134 (8,
640 4057 689 4116 65.
706 4057 776 4134 68),
802 4058 873 4118 item
900 4057 937 4118 de
960 4057 1106 4118 conviviis
1128 4057 1257 4134 publicis
1279 4064 1413 4133 tempore
1440 4043 1538 4094 ambitu

99 4159 201 4230 petendi
223 4159 417 4236 prohibendis
439 4169 542 4236 aperte
563 4162 593 4218 iu
615 4160 693 4219 hauc
713 4160 809 4238 legem
831 4161 979 4220 translata
1000 4167 1070 4220 sunt
1091 4177 1129 4218 ex
1150 4157 1268 4236 legibus
1283 4158 1412 4235 publicis

27 4335 28 4346 ἵ
100 4260 189 4335 populi
209 4260 335 4320 Romani
363 4261 399 4319 de
426 4261 552 4336 ambitu,
580 4281 640 4340 quo
667 4272 822 4339 praetcrea
847 4263 1003 4340 probabile
1030 4271 1077 4320 est
1102 4270 1238 4339 spectare
1260 4260 1355 4339 legem
1376 4261 1413 4320 de

27 4365 30 4448 'q
100 4359 155 4418 loco
174 4362 252 4421 ludis
272 4381 332 4423 uon
354 4363 453 4422 dando
475 4365 534 4424 uisi
557 4383 596 4423 ex
617 4363 810 4424 decurionum
833 4365 950 4424 decreto
973 4363 1016 4440 (v.
1038 4384 1067 4441 p.
1086 4363 1167 4440 136).
1207 4363 1340 4441 Tempus
1362 4382 1412 4440 pe-

28 4449 31 4550 l
102 4463 169 4521 uadi
189 4473 234 4523 est
254 4465 423 4538 biennium,
445 4485 501 4544 quo
523 4469 589 4543 quie
607 4475 690 4542 petet
707 4470 882 4544 petitorusue
904 4476 954 4541 est,
977 4474 1010 4525 ut
1031 4467 1074 4524 ait
1094 4465 1146 4525 lex
1168 4465 1272 4524 Tullia
1292 4465 1330 4524 de
1351 4483 1412 4524 em·

29 4559 32 4622 l
103 4563 188 4642 bitu³)
213 4567 341 4645 itemque
367 4568 442 4628 baec
463 4567 514 4627 lex
537 4568 632 4642 8,17,
658 4586 839 4648 quamquam
861 4569 963 4646 paullo
985 4577 1055 4646 post
1075 4587 1103 4626 r.
1120 4567 1158 4627 63
1182 4567 1219 4628 de
1241 4585 1277 4625 eo
1299 4577 1413 4626 tantum

104 4683 169 4726 anuo
188 4668 292 4747 agitur,
313 4689 374 4748 quo
396 4671 466 4748 quis
487 4671 695 4750 magistratum
716 4679 807 4750 petat
843 4671 902 4730 Illo
924 4671 992 4730 loco
1014 4687 1110 4732 annus
1130 4669 1283 4748 petitionis
1297 4669 1414 4730 futurae

108 4849 290 4866 ⁸-·—¹——-—-

169 4995 191 5058 ¹)
217 4997 259 5048 De
277 4998 323 5065 leg.
337 4998 362 5062 3,
378 5001 404 5062 4,
421 5003 463 5051 11.

170 5093 194 5160 ¹)
220 5095 287 5147 Vide
304 5113 369 5164 quae
388 5099 445 5150 ‹ttxi
463 5097 525 5149 ro'm
545 5095 652 5150 soret.
674 5101 698 5160 1,
712 5099 775 5150 aot.

171 5190 193 5257 ³)
218 5211 242 5261 p.
259 5195 307 5248 1³2
326 5199 385 5250 adn.
401 5201 425 5250 1.
464 5197 504 5250 Oi.
525 5195 684 5250 Stuutereclt
703 5202 728 5262 1,
742 5197 804 5250 408.
