3520 6006
528 627 603 676 usx
622 625 703 678 con.
725 627 953 678 cursurum.
1338 607 1409 678 135

93 795 153 871 lpse
171 801 267 854 autem
289 797 359 870 lex,
386 817 474 876 quam
497 799 528 858 in
550 799 686 858 coloniae
709 818 782 858 suae
799 799 922 876 ‘legibus
945 796 1058 858 Caesar
1078 799 1194 876 posuit,
1222 798 1412 858 decurionem
1441 799 1539 850 Urbani

93 901 145 957 ieri
168 919 226 958 non
251 918 346 976 posse
373 901 431 960 nisi
458 903 489 960 in
516 901 588 960 urbe
614 901 769 978 degentem
795 902 873 960 redit
899 901 988 960 etism
1018 901 1049 960 in
1070 902 1134 959 iure
1156 901 1236 977 quod
1257 900 1412 970 habemus,

92 1019 256 1078 quamquam
286 1003 386 1062 adhuc
412 1023 518 1082 parum
539 1000 743 1079 intellecta¹).
792 1004 849 1076 Qui
870 1007 900 1062 in
914 1005 1053 1078 fraudem
1075 1005 1203 1074 ordinis,
1224 1000 1412 1080 Ulpianusi)

91 1106 137 1175 ait,
159 1109 188 1161 ιἰι
214 1105 371 1163 tenoribus
397 1108 542 1182 gerendis,
569 1126 632 1164 cant
652 1110 725 1166 inter
747 1125 793 1164 eae
815 1107 856 1164 ad
871 1109 982 1182 primae
1004 1105 1125 1164 honores
1152 1109 1202 1182 qai
1228 1109 1322 1164 creari
1343 1123 1413 1182 pos·

91 1215 141 1264 ιειιι
162 1210 191 1264 in
217 1211 334 1265 civitate
353 1207 628 1284 numerabantur-³),
656 1211 849 1268 evitandorum
875 1213 1016 1268 maiorum
1042 1227 1155 1266 onnam
1181 1211 1280 1284 gratio
1307 1209 1348 1265 ad
1368 1227 1412 1266 co·

91 1309 158 1368 tanos
178 1311 368 1384 praediorum
394 1329 424 1368 ae
452 1311 671 1382 namuurum,
698 1321 730 1370 ut
755 1311 911 1369 minoribus
937 1309 1127 1381 subiciantur,
1155 1311 1228 1368 iane
1258 1313 1412 1369 sannatia·

90 1430 140 1468 nen
164 1411 217 1470 sili
244 1431 302 1470 non
326 1425 522 1489 parauerunt:
550 1415 666 1472 scilicet
692 1413 781 1489 plane
809 1421 840 1470 ut
861 1413 893 1470 in
914 1413 980 1492 lege
1001 1421 1062 1484 cst,
1093 1413 1142 1488 qui
1165 1413 1196 1471 in
1223 1413 1296 1472 urbe
1323 1412 1412 1488 degit,

90 1513 194 1572 dmurio
219 1515 372 1573 nominari
399 1524 499 1592 potest
525 1517 780 1594 magistratusque
805 1516 915 1586 creari,
941 1515 973 1573 in
1000 1515 1132 1592 praediis
1160 1533 1254 1593 agens
1282 1533 1413 1572 commu·

89 1615 164 1674 nibus
190 1625 308 1675 tantum
338 1618 477 1676 civilibus
505 1618 678 1677 muneribus
707 1619 855 1689 subiacet,
884 1617 946 1690 vel,
981 1627 1012 1676 ut
1038 1617 1177 1676 rescribit
1203 1615 1412 1676 Diocletianus

89 1736 144 1776 eum
171 1718 354 1796 collegis4),
387 1730 430 1778 est
453 1739 563 1791 caum,
593 1724 644 1796 qai
668 1725 699 1778 in
729 1725 868 1792 territorio
895 1721 1018 1778 alieuius
1045 1723 1168 1778 ciuitatis
1196 1728 1412 1788 commorantur,

89 1821 151 1880 uelut
174 1823 287 1882 imolas
316 1823 359 1880 ad
384 1823 530 1882 subeunda
559 1841 678 1882 munera
706 1823 752 1882 uel
778 1823 818 1880 ad
846 1824 999 1900 capiendos
1028 1823 1146 1880 tonores
1178 1841 1234 1880 nan
1261 1823 1410 1896 adstrinpi.

89 1923 187 1982 Eodem
217 1934 339 2002 spectat
365 1925 445 2002 quod
473 1925 524 2002 qui
551 1935 638 1984 extra
666 1925 808 2002 oppidum
836 1925 867 1984 in
894 1923 1044 1984 territorio
1074 1925 1182 1982 alicubi
1212 1924 1288 2000 agit,
1316 1923 1414 1982 incola

89 2043 145 2084 esse
163 2027 251 2086 modo
273 2026 439 2104 dicitur⁵)‚
467 2028 556 2086 modo
580 2029 624 2086 ita
645 2027 825 2106 negaturi),
851 2034 884 2086 ut
905 2047 942 2086 ne
963 2026 1053 2086 liceat
1073 2046 1143 2085 rure
1164 2026 1282 2104 degenti
1309 2025 1412 2102 oppidi

88 2129 238 2188 commodis
268 2126 380 2204 fruii).
425 2127 548 2188 Scilicet
575 2131 677 2188 incula
705 2138 751 2189 est
778 2131 817 2188 ad
843 2129 973 2205 reliqua,
1001 2148 1061 2188 non
1089 2139 1135 2188 est
1163 2129 1263 2186 incola
1292 2129 1330 2186 ad
1360 2129 1412 2186 ho-

87 2249 162 2290 nores
183 2231 368 2308 similiaque.
408 2229 548 2292 Ceterum
571 2249 751 2310 quamquam
772 2252 841 2292 rure
863 2231 975 2310 degens
996 2231 1080 2290 nullo
1102 2238 1236 2307 tempore
1258 2229 1296 2288 ad
1318 2231 1412 2288 hono·

87 2351 125 2390 res
147 2333 300 2394 admissus
328 2343 388 2405 εει,
416 2335 486 2392 inde
512 2353 701 2411 nequaquam
729 2335 865 2412 sequitur
891 2333 985 2392 cuivis
1012 2333 1138 2392 liberum
1166 2333 1261 2391 fuisse
1286 2332 1317 2390 in
1343 2352 1412 2392 rure

88 2436 174 2510 potius
200 2455 294 2512 qnam
321 2437 353 2496 in
379 2437 490 2513 oppido
517 2455 615 2514 agere.
662 2437 757 2496 lmmo
783 2456 819 2496 eo
844 2437 965 2496 nomine
990 2435 1072 2494 cives
1100 2444 1130 2496 et
1154 2435 1270 2494 incolae
1299 2435 1412 2494 diversi

88 2537 146 2596 iuris
174 2539 315 2598 ridentur
346 2539 457 2612 fuisse,
488 2549 522 2598 ut
551 2539 611 2612 illi,
643 2540 669 2598 si
700 2539 865 2600 honoribus
892 2537 1055 2598 subeundis
1083 2556 1173 2616 pares
1202 2547 1317 2609 essent,
1346 2538 1413 2614 cogi

87 2651 200 2714 possent
224 2641 410 2700 domicilium
439 2642 470 2700 in
497 2642 640 2720 oppidum
667 2642 844 2714 transferre,
872 2641 981 2702 incolis
1009 2651 1107 2700 autem
1132 2641 1258 2700 liberum
1280 2651 1362 2699 esset
1384 2647 1413 2698 et

87 2743 239 2802 commodis
273 2753 305 2802 et
334 2743 476 2802 oneribus
510 2745 691 2804 urbanorum
719 2745 832 2823 pariter
860 2745 1018 2806 abstinere.
1069 2745 1109 2804 Et
1137 2743 1174 2802 de
1201 2741 1317 2802 civibus
1347 2743 1412 2819 qui·

88 2843 143 2902 dem
168 2846 315 2922 cogitavit
336 2844 488 2922 Ulpianus
515 2865 551 2904 eo
578 2847 645 2905 loco
673 2865 761 2924 quem
788 2847 916 2923 primum
943 2847 1082 2917 recitavi,
1110 2847 1148 2905 ad
1172 2843 1289 2904 incola's
1312 2853 1411 2903 autem

88 2946 182 3024 reliqui
208 2960 351 3008 auctores
378 2957 584 3024 respexerunt.
634 2947 722 3022 Quod
749 2951 907 3008 confirmet
933 2949 1103 3008 testamenti
1129 2949 1213 3008 locus
1241 2947 1320 3006 tituli
1348 2945 1412 3006 Sic·

90 3050 213 3126 censist)
236 3051 302 3109 hic:
331 3051 389 3126 lepi
414 3063 506 3110 autem
532 3052 668 3110 debebam
694 3051 791 3127 (inter
813 3069 924 3127 pueros
946 3051 1065 3128 publice
1087 3050 1224 3128 alendos)
1245 3053 1411 3125 municipes,

89 3153 144 3209 item
162 3155 288 3223 incolae,
316 3154 464 3213 dumtaxat
484 3153 609 3224 incolae,
631 3158 682 3232 qui
702 3159 781 3212 intra
802 3157 973 3212 continentia
994 3153 1122 3211 coloniae
1141 3163 1255 3212 nostrae
1277 3155 1411 3230 aedificia

89 3253 270 3314 morabuntur.
285 3288 324 3300 -
345 3255 393 3313 Its
412 3255 462 3333 qui
477 3256 565 3315 toties
580 3263 850 3316 commemorantur
863 3256 895 3314 in
908 3255 1005 3316 titulis
1018 3258 1172 3330 municipes
1186 3255 1410 3332 intramurani⁹)

91 3467 283 3480 *nu-—

157 3631 180 3693 ¹)
205 3632 363 3698 Diligentius
383 3645 459 3696 quem
478 3631 578 3680 felicius
596 3630 629 3680 de
646 3631 741 3680 civium
753 3627 912 3680 urbanorum
925 3629 1130 3696 rusticorumque
1144 3629 1296 3683 condicione
1309 3629 1411 3680 diuersa

91 3723 135 3786 egit
150 3723 228 3775 Kuhn
245 3723 323 3774 stadt.
342 3719 411 3788 Vens.
427 3727 451 3785 1,
467 3725 501 3774 29
509 3739 547 3787 sq.

156 3837 180 3904 ²)
207 3841 370 3908 Dipsas,
387 3845 411 3905 l,
427 3844 452 3892 2.

157 3957 181 4022 ³)
207 3957 325 4012 Honores
343 3961 429 4012 creati
441 3961 544 4028 possint
563 3960 607 4026 qui
624 3960 652 4010 in
670 3959 773 4010 ciuitate
790 3954 985 4008 munerabantur
1004 3957 1095 4008 codex.

156 4075 181 4140 ⁴)
208 4079 271 4131 Cod.
291 4081 356 4131 lust.
378 4083 421 4142 10,
437 4079 480 4142 ³9,
494 4079 520 4130 3.

158 4193 181 4258 ⁵)
207 4198 368 4270 Pcmppnius
386 4197 511 4263 laipno,
527 4198 574 4259 16,
589 4197 657 4258 239,
672 4197 702 4246 3:
722 4211 767 4246 nec
786 4201 879 4244 lantum
897 4193 925 4244 tn·
943 4195 987 4260 qui
1005 4194 1033 4243 in
1052 4191 1145 4261 oppida
1164 4201 1294 4243 morantur
1312 4191 1411 4242 incolae

93 4285 130 4336 ted
151 4290 221 4340 enarr
243 4292 288 4358 qui
310 4290 420 4341 alicuius
443 4289 532 4358 oppidi
547 4287 643 4354 finilnrs
662 4288 701 4337 ita
720 4303 809 4353 apuam
827 4284 930 4348 iubent,
956 4293 984 4336 ut
999 4288 1026 4336 ia
1045 4301 1098 4336 eum
1116 4301 1143 4336 se
1161 4287 1236 4351 qnasi
1252 4285 1279 4334 in
1298 4283 1411 4350 aliquam

93 4377 162 4430 aeden
179 4397 245 4433 suan
262 4384 398 4450 recipiant.

159 4497 182 4561 ⁸)
208 4501 368 4552 Modestinus
391 4499 639 4566 Dig.5o,1,35=
666 4494 759 4549 illisas
784 4485 838 4569 xli
862 4481 901 4546 ‘ire
926 4488 940 4545 ὅ
966 4493 990 4546 ἐν
1014 4490 1080 4565 α’γρῷ
1106 4490 1243 4564 καταμίνιιν
1263 4482 1363 4552 luriunt
1383 4487 1411 4542 ci

95 4585 215 4655 νομίζεται.

160 4705 183 4771 ¹)
209 4713 370 4764 Modestinus
382 4713 400 4763 l.
415 4728 450 4763 c.:
472 4702 485 4760 d
504 4701 551 4778 peip
571 4704 661 4772 ὖιιιίνης
678 4707 721 4774 τῆς
739 4696 837 4766 sileae
856 4703 992 4776 ἐξαιρέτοις
1012 4696 1046 4776 pq*
1065 4694 1195 4776 xpripmac
1213 4691 1287 4763 cirac
1300 4697 1328 4753 cd
1341 4697 1410 4771 rapi-

95 4795 153 4860 ζιτιιι
172 4793 275 4862 ltaliae.
306 4807 433 4870 Ulpianus
447 4803 491 4866 50,
508 4806 533 4865 1,
547 4803 591 4864 20,
607 4803 636 4853 l:
657 4803 681 4851 ei
698 4802 755 4870 quis
772 4801 874 4866 negotia
892 4817 939 4850 aaa
956 4815 1006 4849 non
1024 4800 1052 4849 in
1070 4799 1171 4848 colonia
1190 4798 1227 4860 (id
1240 4805 1279 4848 est
1292 4799 1318 4847 in
1332 4798 1409 4860 rure),

97 4891 134 4940 ted
150 4895 174 4944 in
190 4899 320 4966 naniapio
339 4913 434 4964 semper
453 4897 516 4962 opit,
535 4896 563 4944 in
581 4895 627 4946 illa
646 4893 732 4944 vendit
750 4894 808 4942 emit
826 4891 960 4954 contraiit,
980 4893 1007 4941 in
1025 4908 1053 4941 eo
1065 4891 1128 4956 saro
1148 4889 1246 4940 balinea
1259 4889 1411 4957 spectaculis

97 4985 176 5047 utimr,
201 4987 234 5038 ili
247 4990 333 5055 sertas
357 4988 412 5040 dies
435 4987 556 5050 celebrat,
584 4985 696 5038 omnibus
714 4985 820 5052 denique
837 4985 969 5052 municipii
987 4983 1133 5045 commodis,
1159 4981 1238 5032 nullis
1257 4981 1409 5032 coloniarum

94 5073 187 5141 swillet,
204 5081 330 5144 [ridetur]
348 5079 387 5131 ibi
403 5083 485 5147 mapis
502 5079 594 5130 labere
613 5079 764 5130 domicilium
785 5095 857 5146 quam
875 5075 921 5127 ubi
938 5075 1039 5128 colendi
1057 5093 1136 5128 cauea
1154 5075 1309 5126 decertatum.

163 5193 186 5258 ⁸)
210 5197 430 5266 (intrinsecum
452 5197 554 5249 Tunieie
574 5201 599 5262 2,
614 5199 658 5249 59.

165 5311 188 5377 ⁹)
212 5317 289 5369 Orelli
306 5320 367 5369 110.
382 5318 462 5368 3706.
