3520 6006
521 1805 649 1920 Lilx
674 1804 980 1922 sciolum

163 1991 322 2068 IVLIAE
350 1991 632 2068 GENETIVAE
660 1993 968 2069 VRBANORVM
996 1991 1106 2066 SIVE
1133 1987 1341 2067 VRSONIS

553 2138 659 2190 naua
678 2141 713 2190 a.
733 2139 767 2189 V.
788 2139 818 2190 c.
838 2138 946 2189 nccx.

267 2310 622 2372 ADDITAMENTVM
644 2313 702 2372 AD
727 2311 936 2373 CORPORIS
960 2309 1168 2370 VOLVMEN
1191 2311 1233 2369 ΙΙ.

675 2555 829 2565 ann—n.—

104 2719 178 2866 Sub
203 2810 293 2868 linem
316 2829 343 2868 a.
363 2809 441 2868 1870
464 2810 512 2868 vel
539 2811 660 2870 ineunte
681 2829 708 2868 a.
728 2811 804 2868 1871
829 2821 964 2887 repertae
993 2819 1063 2868 sunt
1090 2809 1209 2868 tabulae
1232 2827 1337 2866 aereae
1359 2817 1420 2868 tres

102 2929 180 2988 prope
194 2910 355 2984 Ursonem,
378 2931 454 2988 quae
474 2913 563 2970 hodie
581 2912 681 2972 Osuaa
703 2923 760 2984 est,
782 2913 813 2971 in
829 2912 980 2992 Hispania
995 2911 1168 2987 Baetioa¹),
1191 2911 1258 2970 loco
1281 2911 1420 2986 quodam,

101 3030 175 3087 quem
195 3015 368 3072 accuratius
390 3015 417 3072 is
439 3017 491 3090 qui
512 3015 628 3074 invenit
649 3015 781 3074 indicare
804 3015 910 3073 noluit.
946 3013 1005 3088 Qui
1027 3015 1155 3092 primum
1178 3013 1336 3091 propagati
1352 3021 1423 3072 sunt

102 3133 145 3188 per
162 3118 270 3176 amicos
287 3116 487 3194 Hispalenses
510 3117 546 3176 de
567 3119 624 3175 hoc
645 3119 766 3176 invento
788 3135 924 3176 rumores
940 3118 1009 3194 vagi
1031 3127 1060 3176 et
1081 3135 1177 3194 paene
1196 3114 1325 3174 fabulosi
1348 3113 1420 3190 (sci-

101 3216 159 3275 licet
181 3219 351 3294 quindecim
373 3219 421 3277 vel
443 3219 519 3276 adeo
541 3230 603 3279 tres
625 3228 655 3278 et
676 3220 782 3298 viginti
804 3220 923 3278 tabulas
944 3221 1106 3295 inscriptas
1128 3226 1263 3296 repertas
1286 3235 1354 3276 esse
1376 3215 1422 3274 illi

100 3320 500 3399 nuntiaverant),quauquam
525 3333 631 3398 postea
652 3323 838 3400 comprobati
861 3341 920 3380 non
943 3331 1025 3394 sunt,
1051 3331 1151 3380 tamen
1173 3321 1239 3378 fieri
1260 3337 1366 3396 posse,
1389 3326 1422 3378 ut

100 3431 204 3495 praeter
228 3433 289 3482 tres
317 3423 436 3482 tabulas
463 3433 570 3500 postea
595 3425 730 3501 prolatas
758 3433 811 3482 aut
836 3443 896 3483 una
923 3435 974 3483 aut
1000 3425 1101 3502 plures
1129 3424 1260 3501 amplius
1288 3421 1421 3480 detectae

101 3523 162 3596 sint,
190 3525 239 3584 sed
268 3525 399 3598 celatae,
429 3527 480 3602 qui
509 3527 663 3584 hominum
691 3528 766 3585 lucri
795 3527 1055 3602 cupidissimorum
1083 3527 1223 3586 astutiam
1251 3525 1335 3583 novit
1359 3514 1421 3581 ¹non

101 3627 221 3702 negabit3
248 3627 355 3686 tertiae
382 3648 401 3686 a
428 3645 460 3686 se
486 3629 583 3688 editae
610 3637 724 3706 partem
747 3648 824 3705 quae
846 3629 1032 3688 desideratur
1053 3641 1082 3688 et
1103 3629 1200 3704 ipsum
1223 3636 1341 3697 extare,
1369 3625 1422 3684 sed

100 3727 184 3787 adhuc
204 3729 310 3802 celari,
338 3730 427 3787 etiam
450 3730 602 3807 Berlanga
623 3731 776 3807 probabile
798 3749 864 3790 esse
890 3731 1011 3791 iudicat.
1055 3731 1183 3809 Emptas
1205 3739 1274 3788 sunt
1296 3747 1322 3786 a.
1342 3728 1419 3787 1871

99 3831 207 3888 tabulae
227 3832 299 3890 illae
322 3841 383 3891 tres
406 3851 424 3889 a
445 3833 609 3892 Francisco
633 3831 1001 3892 Caballero-Iniaute
1022 3854 1043 3910 y
1065 3834 1201 3907 Zuazo,
1229 3835 1288 3893 civi
1309 3835 1422 3912 Hispa-

99 3930 180 4005 lensi,
206 3944 235 3992 et
256 3933 408 4010 Hispalim
435 3935 600 3993 translatae
628 3936 658 3993 in
685 3935 807 3994 domum
833 3936 944 4012 ipsius,
972 3937 1023 3994 ubi
1046 3937 1142 3995 adhuc
1165 3945 1331 3996 servantur.
1375 3937 1422 3996 Ibi

101 4047 245 4111 postquam
272 4037 402 4112 amplius
430 4057 541 4096 annum
569 4038 718 4114 integrum
746 4039 875 4098 ineditae
896 4048 1119 4111 remanserunt,
1148 4040 1224 4098 vidit
1245 4057 1296 4098 eas
1319 4057 1422 4098 mense

103 4134 198 4195 Martio
219 4159 244 4196 a
265 4137 344 4199 1872
367 4138 546 4198 Emmanuel
561 4139 745 4216 Berlanga
758 4140 958 4199 Malacitanus
979 4141 1018 4212 is,
1040 4141 1090 4217 qui
1113 4150 1182 4200 ante
1198 4141 1304 4218 viginti
1326 4159 1422 4200 annos

103 4239 205 4298 tabulas
226 4241 437 4300 Malacitauam
466 4251 494 4298 et
518 4239 736 4319 Salpensaoam
759 4241 808 4316 (C.
825 4242 850 4300 Ι.
866 4241 902 4302 L.
925 4243 1197 4318 11‚1963.1964)
1223 4244 1338 4320 primus
1361 4241 1423 4300 etii-

105 4339 185 4413 derat,
205 4354 235 4402 et
255 4364 273 4400 a
295 4343 416 4401 domiuo
439 4354 563 4420 rogatus
587 4363 652 4402 cum
675 4344 806 4403 edendas
830 4363 881 4403 eas
904 4346 1097 4420 suscepisset,
1119 4357 1226 4403 octavo
1246 4365 1346 4404 mense
1362 4345 1423 4403 edi·

105 4441 200 4502 tionem
221 4445 355 4504 Malacae
384 4445 514 4504 absolvit
539 4446 617 4503 inter
643 4446 746 4504 turbas
773 4446 891 4518 civiles,
919 4465 995 4522 quae
1022 4455 1054 4505 ut
1075 4449 1202 4524 patriam
1225 4466 1279 4523 per
1300 4447 1424 4524 aliquod

107 4548 231 4622 temporis
253 4549 384 4624 spatium
406 4547 586 4623 relinqueret
609 4561 638 4606 et
659 4549 690 4606 iu
706 4547 839 4606 Africam
859 4549 1001 4626 migraret
1016 4559 1185 4626 coegerunt.
1218 4549 1334 4608 Prodiit
1348 4550 1424 4608 liber

108 4664 193 4706 mense
206 4649 366 4710 Decembri
388 4648 520 4720 a1872,
544 4650 625 4728 typis
646 4671 684 4708 ex
706 4661 791 4728 parte
807 4669 956 4710 excussus
971 4651 1232 4724 Berolinensibus,
1254 4653 1334 4730 apud
1349 4651 1423 4710 Am·

109 4746 222 4810 brasium
243 4753 345 4812 Rubio
367 4761 397 4811 et
418 4753 610 4828 Alplrousum
635 4751 719 4812 Cano
741 4754 892 4828 librarios,
914 4755 1002 4813 titulo
1024 4755 1082 4814 hoc

244 4855 304 4912 Los
333 4857 447 4913 orontes
476 4855 510 4912 de
534 4855 634 4925 Oaupa
660 4875 715 4931 que
737 4858 857 4933 publicu
880 4857 999 4916 lionae!
1019 4857 1180 4934 Rodripuaz
1207 4859 1241 4914 de
1262 4857 1423 4932 Barlaapo.

244 4957 381 5016 Malacae
404 4955 709 5037 MDCCCLXXIII.
755 4959 782 5018 8.
806 4960 876 5018 mai.
900 4959 964 5037 (pp.
982 4959 1068 5036 256).

111 5141 294 5158 ᾕ-ῃ-

175 5275 197 5339 ¹)
223 5279 262 5330 Ci.
283 5281 334 5330 vol.
350 5281 378 5330 11
397 5297 422 5346 p.
437 5279 498 5331 191.
