3520 6006
898 637 1061 692 CORSSEN
1071 644 1079 688 :

765 913 1060 976 uvnvuoonvu
1086 913 1212 975 noan.

886 1052 1102 1114 susurros.
1195 1123 1199 1130 ,

329 1238 378 1298 st.
414 1236 563 1298 Nummus
586 1257 697 1298 aeneus
712 1239 808 1299 musei
823 1239 991 1300 Britannici
1005 1241 1044 1298 ab
1066 1240 1162 1299 altera
1181 1245 1265 1316 parte
1279 1239 1368 1298 habet
1381 1246 1472 1315 caput
1485 1235 1650 1293 laureatum

370 1341 522 1418 Apollinis
550 1359 617 1400 oum
650 1341 751 1401 littera
771 1347 808 1415 Θ,
841 1343 878 1400 ab
904 1342 1000 1400 altura
1026 1341 1198 1418 delphinum
1221 1361 1287 1400 cum
1310 1341 1481 1400 nominibus
1503 1337 1608 1414 oppidi
1627 1349 1654 1394 et

370 1443 563 1522 magistratus
585 1445 741 1502 monetarii
764 1463 856 1522 supra
878 1451 908 1502 et
929 1444 1008 1503 infra
1029 1444 1165 1521 scriptia:

592 1618 595 1628 ·
634 1581 828 1655 aurunkud
1199 1603 1359 1662 Aurunci:

634 1787 790 1863 1111111111ἱὸ
1196 1807 1351 1867 Macidius.

414 1943 510 2003 Gctal.
526 1946 560 2020 of
569 1944 615 2003 111
630 1943 681 2004 Gr.
696 1949 767 2004 coin.
782 1945 859 2004 Brit.
875 1945 952 2005 Mus.
962 1945 999 2006 Ι1.
1011 1965 1043 2022 p.
1060 1947 1106 2005 75.
1137 1943 1231 2006 Cuius
1246 1947 1358 2004 nummi
1372 1943 1568 2020 exemplaria,
1584 1961 1656 2019 quae

328 2045 353 2104 1.
377 2043 590 2106 Friadlaendcr
610 2047 784 2124 publicavit,
819 2048 949 2106 incertas
982 2047 1196 2106 tandummodo
1223 2048 1369 2124 quasdam
1398 2047 1528 2105 nominis
1558 2045 1655 2122 oppidi

328 2148 483 2206 Auruncos
505 2147 578 2208 Osci
599 2149 754 2226 relliquias
776 2148 889 2208 habent
906 2167 976 2208 cum
997 2151 1118 2208 nominc
1133 2150 1326 2227 magistratus
1341 2148 1483 2221 Malcdiis,
1505 2147 1655 2206 1111111111

331 2247 416 2324 (Oslc.
447 2250 545 2310 111111.
575 2261 595 2310 1.
624 2252 709 2312 VIII.
731 2271 761 2328 p.
784 2251 913 2327 1311).
967 2251 1044 2311 Post
1071 2250 1218 2312 Garrucci
1246 2251 1372 2328 protulit
1402 2249 1560 2327 exemplar
1593 2268 1655 2308 cum

328 2351 438 2411 litteris
460 2353 563 2431 oppidi
575 2354 704 2412 nominis
720 2353 852 2413 Aurunlc.
875 2364 906 2412 et
919 2355 1038 2414 nomine
1054 2355 1248 2430 magistratus
1264 2353 1457 2428 (1011111111,
1479 2351 1564 2410 Ball.
1580 2351 1656 2408 arel.

328 2452 408 2531 Ncp.
431 2474 477 2513 cu.
500 2473 523 2514 a.
545 2456 573 2526 I,
595 2465 654 2514 tao.
675 2457 698 2513 I
704 2455 734 2528 V,
756 2457 785 2516 4.
804 2475 836 2532 p.
859 2457 903 2516 65
925 2475 979 2533 sq„
1000 2457 1078 2516 unda
1101 2457 1237 2528 11111111,
1263 2453 1295 2513 C.
1308 2456 1334 2514 I.
1349 2456 1387 2514 Ι1.
1406 2455 1497 2522 2745,
1519 2473 1548 2512 u.
1565 2453 1654 2513 Gloas.

327 2555 366 2614 It.
389 2575 422 2632 p.
448 2557 545 2630 1090,
574 2576 633 2633 191,
662 2557 697 2615 Ζ.
718 2559 746 2634 s.
776 2559 863 2636 oerpl.
892 2558 959 2635 Spr.
986 2558 1045 2632 XI,
1076 2558 1148 2618 324.
1196 2558 1293 2617 Musei
1324 2557 1490 2618 Britannici
1520 2573 1655 2615 nummus

328 2657 479 2737 integrum
500 2658 664 2719 ablativum
686 2659 762 2737 sing.
785 2661 915 2720 nominis
931 2660 1005 2721 Osci
1019 2662 1174 2720 Auruncus
1195 2660 1312 2738 oppidi:
1335 2660 1501 2718 Aurualrud
1519 2658 1655 2726 servavit,

327 2759 406 2820 uude
421 2761 564 2837 sequitur,
586 2763 676 2820 etiam
697 2763 728 2821 in
746 2763 853 2822 ceteris
866 2747 1090 2842 eremplaribus
1111 2763 1245 2823 eiusdem
1267 2763 1381 2822 nummi
1402 2764 1480 2821 hunc
1495 2761 1655 2820 ablativum

332 2869 385 2920 aut
407 2863 544 2922 omnibus
565 2863 674 2924 litteris
697 2865 840 2941 scriptum
864 2875 916 2924 aut
937 2875 1008 2925 nota
1029 2865 1192 2925 indicatum
1213 2864 1315 2924 luisse.
1353 2931 1357 2940 „

750 3401 868 3464 AGER
889 3399 1231 3466 TARRICINENSIS.

330 3585 386 3646 72.
423 3587 555 3646 Tessata
576 3588 708 3649 eburnea
728 3589 856 3650 Romam
878 3589 972 3650 allata
992 3590 1031 3648 ad
1054 3589 1220 3652 Saulinium
1243 3611 1281 3651 ex
1303 3596 1366 3670 agri
1388 3589 1607 3650 Tarricinenri:

820 3745 966 3806 STATIS
979 3787 986 3802 .
1000 3692 1127 3808 cndu
1140 3789 1147 3803 .
1161 3745 1189 3807 C

781 3846 896 3909 Statius
919 3847 1048 3909 Cloilius
1086 3848 1175 3909 Gavii
1197 3851 1218 3910 1.

409 3981 523 4057 Bruma,
558 3983 641 4042 Ball.
675 3987 704 4043 d.
726 3985 800 4044 Inst.
822 4005 850 4044 u.
872 3987 910 4044 R.
932 3987 1020 4057 1864,
1044 4007 1076 4064 p.
1098 3987 1146 4047 37.
1168 3988 1220 4047 38.
1265 3987 1300 4048 G.
1331 3987 1513 4059 Willmcuns,
1535 3986 1649 4064 Epicu.
1740 3979 1741 4036 Ϊ

330 4085 420 4158 epipr.
444 4083 469 4157 1,
489 4104 521 4160 p.
542 4085 594 4144 32.
639 4081 716 4145 G‘um
738 4089 768 4146 in
790 4089 847 4148 hoc
869 4088 954 4146 titulo
977 4098 1122 4166 appareat
1144 4089 1234 4149 Statio
1258 4109 1440 4166 praenomen
1460 4099 1494 4147 ut
1516 4088 1607 4148 Statio
1623 4087 1651 4144 in

327 4183 404 4242 stela
425 4183 562 4246 Cumana
590 4189 644 4265 (cs.
666 4207 747 4266 supr.
768 4209 797 4248 a.
820 4189 881 4266 17),
902 4200 933 4250 et
958 4199 1030 4250 nota
1055 4192 1258 4269 praenominis
1284 4193 1379 4271 patris
1403 4194 1434 4254 G.
1462 4211 1525 4252 non
1551 4191 1646 4250 addita

329 4285 430 4345 littera
454 4289 552 4365 prima
578 4290 660 4348 vocis
691 4291 774 4366 filius
800 4295 914 4368 scripta
940 4295 994 4366 ait,
1029 4291 1068 4354 G.
1091 4295 1274 4354 Willmanns
1308 4305 1388 4354 recte
1415 4295 1568 4367 iudicarit,
1596 4309 1648 4350 nou

331 4385 475 4448 Latinum
497 4407 566 4450 esso
586 4391 666 4451 hunc
687 4393 815 4468 titulum,
838 4395 893 4454 aad
915 4394 1029 4455 Oscum
1050 4394 1169 4456 Latinis
1191 4397 1300 4456 litteris
1323 4399 1474 4474 scriptum.

752 4923 1092 5000 anovmvuosvu
1114 4925 1239 4987 nous.
1349 4917 1355 4924 “

332 5105 387 5166 13.
430 5106 524 5186 Lapis
556 5109 695 5169 inventus
729 5111 761 5169 iu
795 5131 868 5189 agro
902 5111 1035 5172 Cicolono
1067 5115 1106 5172 ad
1138 5119 1235 5173 vicum
1268 5115 1360 5173 Nesca
1391 5114 1471 5174 baud
1503 5111 1601 5190 procul
1628 5127 1644 5164 a

371 5209 614 5270 Poscoroccliuno
645 5211 676 5270 in
712 5213 1277 5290 11111ρωί1111111111111111111111110
1304 5237 1351 5276 an.
1382 5217 1460 5277 1859
1487 5219 1518 5276 in
1537 5229 1643 5274 camera

371 5313 566 5373 subterranea
587 5331 654 5374 cum
676 5315 806 5376 nummis
828 5317 965 5376 etruria
986 5317 1167 5394 supellectili
1188 5327 1219 5378 et
1240 5319 1336 5380 titulis
1357 5318 1488 5378 Latinis:
