3548 6012
532 656 688 719 stnsn.
708 657 927 709 ouousson.
948 659 972 710 1.
1368 640 1415 710 29

99 829 200 886 nullum
222 847 350 904 unquam
375 831 545 907 exemplum
568 831 700 908 repperi;
724 831 887 888 Turannius
910 840 955 888 ter
976 830 1119 906 scriptum
1142 833 1241 889 estin
1264 831 1350 890 titulo
1374 853 1420 890 ur·

99 931 166 988 bano
187 931 263 1006 apud
279 930 466 990 Fabrettium
489 952 517 1008 p.
534 932 605 1020 386,
621 931 680 990 227
703 933 833 1008 itemque
855 933 886 1028 in
909 931 995 990 titulo
1017 933 1199 992 christianae
1214 933 1321 992 aetatis
1337 935 1419 1012 apud

98 1033 211 1090 eundem
233 1053 262 1111 p.
278 1032 349 1106 386,
366 1033 438 1104 324,
463 1033 610 1092 Τιιναιιιιία
631 1035 677 1092 bis
700 1035 779 1111 apud
801 1035 997 1094 Muratorium
1020 1053 1049 1110 p.
1068 1033 1191 1106 1282,6
1214 1037 1246 1094 in
1268 1035 1356 1094 titulo
1379 1055 1417 1094 ex

99 1135 204 1192 schedis
220 1137 359 1194 Accursii
382 1136 551 1213 desumpto,
573 1155 650 1212 qnae
673 1136 769 1196 bonae
791 1135 858 1194 fidei
882 1143 961 1194 sunt.
999 1133 1059 1196 Sed
1081 1147 1182 1213 potest
1203 1139 1234 1196 in
1256 1139 1304 1197 his
1318 1159 1418 1198 exem-

97 1237 148 1313 plis
169 1248 221 1295 ant
240 1246 369 1297 erratum
392 1257 460 1296 esse
482 1258 500 1296 a
521 1237 659 1315 lapicidis
681 1239 953 1316 descriptoribusve
975 1248 1028 1297 ant
1045 1239 1212 1298 derivatum
1227 1259 1295 1300 esse
1310 1259 1417 1300 nomen

98 1358 156 1396 cnm
180 1359 272 1417 pravo
299 1341 452 1400 doctrinae
480 1341 580 1400 studia
607 1361 626 1398 a
651 1331 782 1424 reip-avone
805 1339 921 1400 Graeco
948 1341 1106 1400 vocabulo.
1151 1340 1301 1419 Compara
1321 1343 1418 1402 Verrii

97 1440 189 1499 Flacci
217 1443 445 1518 explicationem
473 1461 491 1501 a
512 1442 605 1502 Festo
631 1463 661 1521 p.
678 1443 748 1514 355,
767 1443 803 1502 15
832 1455 996 1502 servatam:
1028 1443 1178 1505 Tarannos
1200 1445 1338 1504 Etruscos
1364 1465 1417 1522 ap-

94 1543 191 1618 pellari
211 1545 307 1604 solitas
330 1550 371 1604 ait
389 1547 505 1604 Verrius
528 1565 548 1603 a
566 1545 710 1604 Tarrlena
733 1547 803 1604 daca
822 1545 982 1622 Lydorum,
1005 1566 1024 1606 a
1045 1550 1126 1604 caius
1140 1551 1238 1622 ,penas
1256 1551 1417 1624 praecipua

97 1648 251 1706 rmdelitate
272 1651 356 1707 annm
378 1659 516 1724 tyrannos
538 1647 678 1724 dictoa¹).

168 1749 331 1808 Adiectivis
359 1750 539 1809 formatione
565 1750 700 1826 aequalis
727 1759 775 1808 est
799 1750 944 1809 similisve
967 1769 1076 1826 magna
1097 1751 1306 1828 cognominum
1330 1771 1415 1829 pars3

97 1867 180 1926 neque
204 1851 312 1910 desunt
337 1853 518 1930 cognomina
544 1852 575 1910 in
596 1871 669 1910 anns
691 1851 829 1910 formata.
871 1853 978 1929 ltaque
1005 1853 1042 1912 de
1063 1853 1232 1912 nominibus
1254 1855 1416 1932 gentiliciis

96 1951 121 2008 in
138 1971 206 2011 anas
231 1955 407 2030 quaesituro
435 1963 495 2013 tam
523 1954 700 2030 cognomina
725 1954 756 2011 in
777 1973 851 2012 anna
879 1973 967 2031 quam
990 1955 1141 2034 gentilicia
1163 1957 1193 2014 in
1215 1961 1300 2016 anias
1321 1957 1416 2034 respi-

96 2053 188 2112 cienda
213 2065 291 2114 sunt
335 2054 406 2115 Non
432 2057 499 2114 dico
525 2057 556 2114 in
578 2060 662 2114 anias
685 2055 838 2133 gentilicia
859 2057 994 2116 derivata
1016 2075 1083 2118 esse
1106 2059 1208 2118 omnia
1229 2079 1267 2117 ex
1290 2059 1415 2118 nomini-

96 2156 142 2214 bus
166 2167 215 2216 aut
239 2159 468 2234 cognominibus
495 2159 527 2218 in
554 2177 641 2230 απιιες
671 2157 723 2216 sed
750 2157 874 2216 redeunt
899 2160 930 2218 in
957 2179 1018 2218 uno
1046 2178 1164 2237 quoque
1186 2161 1274 2220 trium
1297 2161 1416 2220 illorum

95 2276 220 2333 generum
247 2261 364 2319 radices
392 2260 512 2320 eaedem
541 2261 703 2320 similesne.
748 2257 823 2318 Cum
846 2279 918 2319 vero
943 2281 997 2338 per
1019 2280 1051 2320 se
1073 2263 1226 2338 probabile
1248 2263 1288 2320 sit
1309 2263 1340 2321 in
1362 2284 1415 2322 no·

94 2361 212 2421 minibus
239 2363 378 2422 similiter
404 2373 494 2439 atque
523 2364 553 2420 in
581 2361 773 2440 appellativis
802 2381 840 2422 aa
870 2363 1013 2422 suffixam
1043 2364 1187 2440 originem
1214 2364 1353 2436 localem,
1382 2375 1416 2424 ut

94 2463 211 2522 breviter
232 2465 339 2536 dicam,
361 2465 522 2536 indicasse,
545 2483 581 2524 ea
603 2473 718 2522 tantum
740 2484 779 2522 ex
801 2465 1029 2540 cognominibus
1051 2467 1081 2524 in
1103 2485 1176 2526 amaa
1198 2467 1416 2544 gentiliciisqua

93 2565 117 2621 iu
137 2571 216 2625 anias
242 2569 291 2626 hie
312 2568 525 2640 considerabo,
552 2586 629 2643 quae
650 2575 731 2626 certo
753 2567 987 2644 probabiliterve
1009 2567 1048 2625 ad
1070 2567 1134 2626 eius
1157 2570 1275 2646 generis
1298 2569 1415 2628 radices

93 2678 207 2741 possunt
227 2669 339 2728 referri.

166 2771 255 2830 Aliud
277 2772 358 2830 enim
380 2779 536 2848 praeterea
557 2779 641 2831 extat
662 2772 871 2851 cognominum
893 2772 1034 2848 frequens
1050 2772 1302 2832 adiectivornmve
1318 2791 1414 2850 genus

95 2871 168 2942 (nam
194 2883 349 2950 utrumqne
376 2876 473 2933 dicere
500 2874 616 2952 passis)
644 2875 675 2933 in
702 2894 775 2933 anna
802 2874 1011 2948 formatorum,
1039 2893 1117 2952 quae
1143 2875 1289 2952 originem
1310 2895 1369 2932 non
1398 2896 1416 2934 a

94 2972 171 3044 locis,
196 2976 247 3036 sed
273 2977 312 3034 ab
340 2977 508 3036 hominibus
536 2987 700 3036 traxerunt.
745 2973 805 3049 Qui
832 2997 870 3034 ex
896 2995 952 3034 sua
977 2986 1064 3052 gente
1091 2996 1144 3052 per
1171 2978 1362 3055 adoptionem
1385 2979 1415 3036 in

95 3075 172 3134 aliam
193 3079 382 3150 transierunt,
404 3098 456 3138 eos
476 3079 587 3157 prioris
608 3079 707 3158 gentis
729 3078 940 3138 indicationem
964 3081 1133 3138 servavisse
1154 3089 1257 3138 notum
1280 3089 1327 3140 est
1346 3098 1415 3156 cog-

95 3179 249 3239 nominibus
271 3201 311 3239 ex
332 3181 431 3258 gentis
453 3182 612 3257 primariae
634 3182 753 3240 nomine
775 3201 829 3258 per
849 3199 922 3240 anas
938 3181 1077 3240 suffixum
1093 3181 1244 3254 formatis3
1268 3193 1301 3242 ut
1315 3181 1415 3241 Paulli

94 3279 203 3340 Aemilii
228 3283 309 3342 filius
337 3283 433 3342 dictus
461 3265 506 3343 est
529 3282 631 3360 Scipio
653 3283 850 3342 Aemilianus.
895 3283 963 3342 Hoc
984 3293 1084 3342 utrum
1106 3285 1276 3344 necessario
1298 3303 1416 3362 semper

94 3381 130 3438 ita
149 3383 310 3444 institutum
331 3386 423 3444 luerit
444 3404 537 3444 necne
559 3386 607 3444 hic
629 3405 689 3444 non
711 3405 796 3458 curo;
825 3393 937 3444 certum
960 3395 1064 3463 autem,
1082 3395 1128 3444 est
1149 3387 1327 3463 cognomina
1349 3388 1414 3445 eius

95 3486 197 3558 generis
218 3488 355 3546 extitisse
378 3507 437 3546 non
459 3506 563 3564 pauca,
585 3497 616 3546 et
638 3488 676 3546 ab
697 3489 763 3547 eius
784 3488 896 3547 formae
915 3464 1142 3574 cognomibibus
1159 3489 1247 3546 etiam
1264 3489 1415 3568 gentilicia

95 3585 200 3646 formari
224 3590 359 3666 potuisse
386 3591 416 3648 in
442 3594 536 3649 anias.
580 3590 723 3650 Pariliter
744 3591 824 3649 servi
846 3591 959 3667 publici
982 3589 1034 3666 (ut
1055 3591 1298 3650 Mommsenus
1321 3610 1413 3667 expo·

95 3689 147 3746 suit
164 3692 229 3748 νόηι.
245 3691 456 3751 Staatsreclnl
482 3713 510 3769 p.
528 3690 602 3767 252)
627 3693 765 3768 servique
786 3692 940 3766 nobilium,
963 3694 1058 3770 quiin
1074 3693 1163 3752 aliam
1180 3695 1300 3752 domum
1316 3704 1414 3752 trans·

95 3789 179 3848 ierunt
197 3794 360 3852 hereditate
376 3795 423 3854 vel
438 3793 499 3852 alin
514 3795 603 3852 modo
627 3794 673 3872 (ut
694 3806 787 3873 napta
805 3793 1015 3854 Germanianns
1030 3795 1082 3852 ille
1103 3793 1137 3854 (l.
1154 3797 1179 3854 Ι.
1194 3794 1230 3854 L.
1247 3795 1289 3866 ΙΙ,
1307 3793 1413 3871 2641),
1478 3865 1482 3882 ¹

93 3892 189 3965 prioris
214 3896 325 3954 domini
351 3915 460 3955 nomen
488 3907 685 3956 servaverunt
711 3898 820 3956 additis
846 3898 1003 3957 adiectivis
1029 3899 1061 3956 in
1082 3916 1156 3956 anas
1177 3897 1313 3956 formatis
1341 3896 1415 3974 (qua

95 3993 124 4050 de
144 4017 172 4054 re
185 3999 387 4058 Mommsenus
411 3999 488 4057 dixit
502 3998 633 4058 Hermae
650 3999 667 4058 2
691 4019 720 4075 p.
739 4000 854 4076 lats).
893 3999 944 4060 Sic
965 4019 1069 4059 servos
1090 4001 1253 4060 libertosve
1276 4000 1412 4058 novimus

94 4097 220 4158 Acteanos
239 4102 440 4178 Agrippinam
460 4101 617 4160 Galbianos
637 4102 871 4161 Maecenatianos
887 4104 1053 4161 Drusianus
1077 4102 1312 4162 Germanicianas
1331 4101 1413 4160 Dra-

93 4199 210 4262 n'llr'anor
235 4203 464 4263 Claudianianos
486 4203 690 4262 Pallantianos
713 4203 951 4280 Poppaeaaoal).
996 4205 1157 4265 Postremo
1185 4204 1340 4262 sollemnis
1367 4211 1414 4261 est

93 4319 154 4360 snas
173 4300 339 4364 terminatio
361 4307 392 4364 iu
414 4324 554 4382 agrorum
576 4325 749 4384 camporum
765 4307 923 4366 fundorum
937 4308 1091 4366 hortorum
1107 4305 1297 4384 praediorum
1312 4305 1413 4364 vinea·

92 4421 146 4462 rum
167 4407 299 4466 villarum
322 4409 503 4468 rusticarum
526 4409 697 4468 nominibus
719 4427 738 4466 a
759 4409 890 4468 dominis
911 4410 1068 4478 derivatim
1090 4417 1209 4484 praeter
1223 4407 1341 4468 tabulas
1357 4407 1412 4465 ali·

93 4509 247 4584 nonarius,
268 4529 344 4587 quas
366 4511 520 4584 habemus,
542 4511 719 4570 Mommseni
743 4512 782 4570 ad
802 4512 1012 4588 inscriptiones
1034 4511 1252 4587 Neapolitanas
1275 4509 1319 4587 (p.
1335 4509 1412 4584 463)

92 4615 117 4662 et
139 4609 267 4672 Henneni
302 4613 341 4671 ad
375 4613 514 4690 syllogen
543 4611 727 4672 Orellienam
760 4613 806 4689 (p.
830 4611 889 4689 22)
923 4613 1037 4672 indices
1069 4613 1165 4670 multa
1195 4613 1261 4670 eius
1293 4612 1412 4690 generis

92 4715 216 4790 exempla
237 4716 390 4794 praebent.

163 4815 242 4876 Haec
270 4819 308 4876 de
335 4817 445 4894 quibus
473 4817 578 4876 ultimo
607 4819 674 4878 loco
703 4819 767 4878 dixi
796 4837 906 4895 genera
932 4817 963 4876 id
992 4837 1149 4877 commune
1176 4817 1302 4889 habent,
1331 4817 1412 4893 quod

91 4932 148 4974 cum
172 4937 190 4975 a
213 4921 385 4980 nominibus
411 4920 571 4998 gentiliciis
599 4921 630 4978 in
657 4925 702 4980 ias
729 4920 896 4980 terminatis
924 4921 1058 4980 derivata
1080 4922 1142 4980 sint
1162 4919 1251 4996 longe
1271 4919 1411 4996 plurima,

96 5056 281 5072 Q*—

158 5163 179 5228 ¹)
204 5167 244 5218 De
258 5169 386 5220 Oscorum
405 5131 568 5220 &knanndls
586 5171 613 5220 in
632 5169 787 5220 Mommseni
807 5169 868 5219 dial.
889 5171 921 5219 It.
941 5169 987 5220 1ιι1.
1008 5185 1033 5234 p.
1048 5170 1100 5219 225
1121 5169 1231 5220 fortasse
1251 5168 1326 5218 aliter
1344 5167 1411 5217 iudi·

94 5256 199 5308 candum.

160 5347 184 5412 ²)
209 5351 249 5403 Ci.
268 5353 349 5404 Orelli
370 5353 481 5406 299lss.
501 5355 610 5408 Hannon
630 5355 711 5406 6255.
731 5355 813 5405 6351.
