3520 6006
329 634 402 705 120
760 653 1071 706 annrrsuauuvn
1086 653 1172 704 von.
1191 653 1221 703 11

331 826 466 886 Caesarie
499 829 699 905 confimandis
729 829 796 886 devs
822 829 965 886 dictatura
992 831 1023 886 in
1048 837 1217 904 perpetuam
1244 825 1370 884 tollenda
1398 825 1465 882 deve
1494 825 1604 882 colonis
1634 827 1665 880 in

327 949 413 1005 apros
440 931 610 989 deducendis
633 931 731 989 tulisse
754 930 797 988 M.
821 929 962 988 Antonias
984 931 1099 1000 dicitur,
1122 930 1233 988 easdem
1256 927 1331 1004 lapsa
1353 929 1388 986 de
1409 931 1534 1004 integro,
1562 936 1593 984 ut
1610 944 1665 1002 po-

322 1032 426 1108 pulum
449 1041 575 1104 teneant,
603 1033 694 1092 salvis
717 1035 856 1110 auspiciis
871 1035 949 1108 serrt
969 1033 1072 1109 placet.
1115 1031 1196 1090 Nam
1223 1047 1402 1108 quamquam
1430 1030 1468 1088 de
1494 1029 1612 1088 colonis
1634 1028 1665 1084 in

325 1134 416 1192 Italia
441 1135 577 1194 deductis
603 1135 794 1212 potissimum
821 1135 871 1210 agi
897 1135 954 1193 hoc
980 1134 1048 1194 loco
1075 1141 1207 1204 constat,
1233 1133 1308 1190 nihil
1333 1131 1473 1209 impedit,
1501 1132 1664 1208 quominus

327 1237 416 1295 etiam
443 1237 645 1313 provinciales
671 1237 805 1296 colonias
832 1237 978 1314 quasdam
1002 1237 1153 1295 Antonius
1181 1235 1270 1294 simul
1291 1233 1485 1294 confirmarit
1531 1232 1665 1294 Senatus

327 1339 498 1398 consultum
521 1337 662 1417 plebique
684 1340 790 1398 scitum
813 1357 891 1416 quae
913 1339 1020 1398 deiude
1041 1347 1314 1397 commemorantur
1334 1338 1373 1395 ad
1394 1337 1492 1396 solam
1515 1336 1666 1395 coloniam

328 1439 508 1502 Genetivam
534 1442 672 1501 videntur
699 1443 881 1518 pertinuisse
907 1441 1031 1518 eiusque
1059 1441 1251 1502 deducendae
1279 1439 1362 1516 leges
1390 1439 1560 1498 accuratius
1586 1438 1666 1496 ordi-

326 1545 459 1602 navisse.
481 1579 519 1588 -
547 1543 686 1604 Deducta
710 1544 801 1620 igitur
827 1553 873 1603 est
894 1543 1013 1602 colonia
1036 1544 1085 1602 vel
1107 1551 1186 1602 certe
1208 1543 1259 1601 lex
1280 1544 1448 1620 perscripta
1468 1541 1576 1618 primis
1597 1551 1667 1617 post

327 1645 363 1704 C.
387 1645 528 1706 Caesaris
551 1647 667 1706 obitum
688 1646 858 1719 mensibus3
887 1647 933 1704 eui
956 1647 1083 1724 tempori
1105 1655 1185 1706 recte
1207 1645 1356 1716 convenit,
1379 1644 1459 1721 quod
1481 1645 1508 1702 is
1532 1644 1667 1702 noudum

327 1750 410 1808 diores
433 1749 548 1808 dicitur.
593 1747 735 1808 Ceterum
757 1758 827 1808 suut
847 1749 994 1825 quaedam
1016 1750 1046 1806 iu
1069 1749 1126 1806 hac
1146 1749 1212 1824 lege
1234 1745 1362 1806 Caesari
1384 1747 1454 1806 vivo
1476 1746 1668 1823 aliquantum

326 1851 445 1928 aptiora
471 1869 562 1928 quam
588 1863 722 1922 mortu03
750 1852 881 1910 maxime
907 1851 987 1928 quod
1014 1852 1045 1908 in
1072 1852 1171 1928 capite
1198 1850 1235 1909 de
1257 1849 1337 1908 ludis
1360 1849 1386 1906 ei
1408 1849 1458 1926 qui
1480 1851 1567 1908 iussu
1590 1846 1668 1908 Cae-

327 1954 405 2028 saris
432 1955 639 2031 magistratum
668 1953 789 2012 habebit
809 1953 894 2011 loeus
918 1953 1069 2026 tribuitur,
1096 1961 1314 2030 postmortem
1336 1952 1401 2011 eius
1425 1953 1478 2008 vix
1500 1952 1593 2010 scribi
1614 1969 1669 2027 po·

327 2057 393 2114 tuit.
437 2055 563 2115 Videtur
589 2057 680 2135 igitur
708 2058 783 2114 baec
809 2056 861 2114 lex
889 2074 958 2114 vere
985 2055 1140 2114 dictatoris
1168 2057 1253 2115 iussu
1279 2055 1393 2132 scripta
1419 2071 1488 2113 esee
1513 2073 1569 2114 neo
1598 2064 1671 2128 post

327 2169 453 2218 mortem
475 2159 540 2218 eius
562 2159 621 2217 nisi
645 2159 855 2236 supplementa
875 2158 1021 2234 quaedam
1043 2159 1204 2234 recepisse.

184 2268 320 2318 Lexlulta
412 2259 502 2335 Quod
528 2261 670 2320 scribitur
698 2261 791 2332 3,16
819 2279 908 2337 agros
935 2279 987 2320 eos
1017 2261 1054 2320 de
1081 2261 1190 2338 quibus
1219 2261 1276 2322 hac
1300 2260 1367 2338 lege
1393 2259 1492 2336 agitur
1519 2258 1586 2316 dari
1614 2259 1668 2316 ad·

202 2344 305 2407 agraria

330 2363 444 2442 signari
473 2383 506 2422 aa
527 2364 586 2438 leae
608 2363 701 2434 Iulia,
729 2382 764 2420 eo
793 2363 982 2439 significatur
1003 2381 1063 2421 non
1084 2363 1135 2422 lex
1156 2363 1214 2439 ipsi
1236 2362 1373 2421 coloniae
1397 2359 1563 2421 Genetivae
1587 2360 1668 2432 data,

330 2465 384 2525 sed
406 2465 555 2544 generalis
578 2467 710 2542 auraria,
732 2484 817 2541 qaam
842 2466 872 2525 C.
898 2465 1007 2524 Caesar
1027 2465 1092 2524 tulit
1114 2465 1222 2540 (verba
1243 2475 1315 2524 sunt
1337 2463 1503 2524 Callistrati
1526 2463 1600 2540 Dig.
1616 2465 1668 2534 47,

329 2568 380 2641 21,
397 2571 414 2628 3
430 2569 501 2646 pa).
535 2566 633 2642 Quam
656 2587 724 2626 cum
743 2568 854 2626 dudum
875 2567 1179 2626 demonstraverimus
1194 2566 1370 2626 Rudorffius
1385 2585 1501 2646 egoque
1523 2565 1668 2643 (gromat.

330 2670 364 2744 2,
386 2670 457 2730 323.
482 2669 557 2741 2443
589 2671 627 2728 cf.
654 2670 833 2746 Marquardt
857 2668 1132 2746 Staatsverwaltunq
1162 2672 1192 2742 l,
1216 2670 1296 2746 447)
1323 2689 1383 2727 non
1410 2668 1529 2728 differre
1557 2669 1596 2727 ab
1623 2688 1668 2740 ea,

327 2773 416 2832 auius
437 2773 537 2850 capita
557 2773 616 2831 tria
636 2781 788 2849 tamquam
804 2773 881 2852 legis
897 2773 1050 2832 Mamiliae
1064 2771 1194 2831 Rosciae
1208 2771 1385 2832 Peducaeae
1400 2770 1538 2830 Allieuae
1554 2770 1670 2830 Fabiae

330 2893 440 2950 corpus
458 2875 696 2951 'gromaticorum
724 2893 753 2950 p.
771 2874 829 2934 263
840 2893 884 2952 sq.
913 2875 1057 2946 servavit,
1085 2875 1143 2932 iam
1170 2893 1206 2933 ea
1227 2875 1398 2934 coniectura
1419 2875 1539 2952 egregie
1561 2875 1670 2933 confir·

331 2988 442 3060 matum
470 2995 539 3036 nam
567 2978 648 3053 quod
675 2985 765 3052 caput
786 2985 832 3035 est
853 2978 929 3054 legis
953 2977 1105 3036 Mamilius
1125 2977 1234 3049 LIllI,
1261 2978 1293 3035 iu
1320 2977 1387 3056 lege
1408 2977 1545 3036 coloniae
1569 2975 1670 3036 Gene-

331 3079 410 3137 tivae
432 3099 457 3138 c.
475 3078 566 3138 CllII
589 3081 632 3137 ita
652 3079 743 3153 redit,
772 3091 804 3137 ut
826 3079 877 3138 ubi
899 3079 951 3138 illa
973 3079 1009 3137 de
1031 3099 1104 3158 agro
1126 3080 1157 3137 iu
1181 3081 1354 3137 universum
1377 3079 1519 3156 disponit,
1541 3079 1617 3138 haec
1639 3079 1671 3138 id

329 3182 429 3258 ipsum
457 3182 494 3240 de
521 3182 585 3240 solo
614 3180 761 3240 Genetiva
787 3182 894 3242 iisdem
923 3181 1021 3240 verbis
1048 3191 1172 3260 repetat.
1216 3183 1323 3258 Itaque
1350 3201 1415 3240 cum
1443 3181 1498 3239 illa
1525 3183 1570 3240 sie
1597 3181 1669 3240 iuci-

330 3285 409 3361 piat:
432 3303 506 3362 qaae
529 3285 640 3342 colonia
662 3285 715 3342 trac
738 3285 797 3360 laps
819 3287 941 3343 deducta
963 3286 1072 3360 quodve
1093 3287 1277 3360 municipium
1294 3285 1479 3360 praefectura
1487 3287 1589 3359 soram
1605 3303 1671 3342 con-

331 3387 495 3446 ciliabulum
517 3391 696 3445 constitutum
718 3391 785 3458 erit,
814 3385 994 3446 Genetivam
1016 3397 1141 3464 apparet
1164 3405 1251 3444 uuam
1274 3403 1344 3446 esse
1366 3405 1404 3444 ex
1425 3386 1516 3444 rebus
1539 3386 1670 3464 publicis

332 3491 370 3548 ad
395 3489 522 3548 sormam
547 3509 566 3547 a
588 3488 719 3548 Caesare
746 3491 931 3568 propositam
961 3489 1117 3547 ordinatis.
1161 3489 1301 3564 Denique
1328 3507 1388 3566 qua
1414 3489 1451 3546 de
1473 3509 1505 3546 re
1527 3489 1670 3548 dissensi·

332 3610 400 3650 mus
416 3591 591 3650 Rudorlfius
614 3603 644 3650 et
665 3611 731 3669 ego,
754 3611 820 3650 cum
842 3592 893 3650 ille
910 3592 1006 3667 legem
1022 3591 1185 3648 Mamiliam
1203 3591 1345 3650 tribueret
1361 3589 1395 3650 C.
1413 3589 1538 3650 Caesari
1554 3591 1581 3649 Τ
1583 3592 1670 3649 iberii

332 3693 450 3768 nepoti,
477 3711 534 3770 ego
557 3694 707 3764 dictatori,
737 3713 785 3752 me
806 3714 907 3753 verum
932 3693 1044 3752 vidisse
1068 3703 1138 3770 post
1158 3693 1254 3770 legem
1277 3692 1443 3754 Genetivae
1465 3695 1603 3752 coloniae
1624 3713 1670 3750 rc-

333 3805 448 3872 pertam
470 3805 559 3855 extra
580 3797 815 3856 controversiam
838 3807 893 3854 est.

192 3906 247 3956 Lex
261 3903 324 3956 data
419 3897 493 3976 Ipsa
513 3899 565 3958 lex
586 3917 674 3975 quam
696 3911 833 3958 tenemus
856 3919 915 3958 non
937 3907 1043 3976 rogata
1064 3909 1111 3957 est
1132 3899 1328 3976 (quamquam
1350 3899 1496 3957 remansit
1512 3897 1540 3969 2,
1556 3897 1596 3956 28
1610 3899 1670 3956 for-

202 4723 318 4774 Tabulas

208 4797 312 4862 quando

206 4872 318 4936 scriptae

334 4001 415 4059 mula
437 4001 593 4060 sollemnis
617 4001 840 4077 emman-n),
863 4002 916 4059 sed
939 4003 1008 4060 data
1030 4001 1158 4076 (8‚14);
1182 4001 1297 4059 scilieet
1318 4001 1401 4060 iussu
1425 3998 1567 4060 Caesaris
1591 4002 1670 4076 lege-

333 4121 392 4179 que
406 4106 542 4162 Antonia
563 4111 615 4162 aut
636 4105 703 4180 ipse
718 4103 870 4162 Antonius
893 4111 945 4160 aut
967 4104 1044 4162 alius
1067 4103 1188 4179 quidam
1212 4121 1308 4162 novae
1330 4103 1465 4162 coloniae
1482 4103 1565 4180 leges
1581 4104 1670 4174 dedit,

335 4223 395 4281 que.
416 4205 453 4263 de
474 4225 506 4262 re
528 4205 592 4264 dixi
615 4206 653 4263 ad
675 4207 758 4281 leges
779 4205 989 4263 Mulaeitauam
1011 4213 1041 4264 et
1064 4203 1282 4280 Salpensanam
1305 4225 1333 4281 p.
1351 4206 1420 4264 394.
1458 4205 1540 4264 Data
1561 4206 1602 4264 sit
1615 4209 1671 4264 'nc-

335 4326 420 4366 cesse
448 4316 496 4368 est
523 4326 558 4366 eo
580 4309 648 4383 ipso
671 4317 819 4384 tempore,
846 4326 905 4383 quo
929 4307 1048 4366 colonia
1069 4287 1231 4366 constituta
1252 4316 1324 4388 est,
1339 4307 1369 4365 id
1391 4308 1472 4384 quod
1493 4309 1672 4368 confirmant

334 4411 427 4468 verba
445 4413 472 4480 l,
490 4409 731 4486 laqueumque
747 4409 828 4468 Ilatr
847 4421 916 4485 post
936 4410 1077 4468 caloniam
1098 4411 1247 4468 deductam
1262 4412 1363 4484 sactus
1385 4421 1532 4469 creaturae
1553 4415 1617 4482 erit,
1640 4421 1672 4468 ut

334 4511 479 4570 formulae
503 4523 571 4588 post
598 4513 739 4572 caloniam
765 4514 915 4570 deductam
941 4523 971 4570 et
992 4522 1060 4590 post
1081 4513 1156 4571 lanc
1179 4513 1265 4588 lepenr
1286 4513 1383 4572 datam
1405 4511 1457 4588 (8,
1477 4513 1533 4588 14)
1558 4533 1598 4576 rev
1613 4533 1671 4572 nou

337 4613 485 4674 differant.

338 4713 341 4720 '
421 4715 577 4777 Scribeudi
599 4719 677 4776 ratio
699 4737 767 4776 oum
788 4717 886 4794 ipsius
907 4717 982 4794 legis
999 4725 1095 4776 aetate
1110 4737 1215 4794 parum
1232 4718 1386 4788 convenit;
1408 4737 1477 4775 uam
1493 4737 1562 4776 cum
1577 4717 1670 4794 legem

337 4820 478 4895 scriptam
501 4839 569 4878 esse
590 4841 617 4880 a.
634 4841 662 4878 u.
679 4839 704 4878 c.
723 4821 782 4878 710
805 4821 1118 4892 demonstraverimus,
1142 4829 1172 4878 et
1193 4820 1405 4896 grammaticae
1426 4821 1541 4878 formae
1564 4829 1594 4879 et
1614 4821 1671 4879 ele-

337 4931 504 4980 mentorum
527 4923 640 5000 figurae
664 4931 778 4980 tantum
801 4924 889 4981 abest
911 4933 943 4980 ut
964 4923 1124 4998 quiequam
1148 4923 1278 4982 babeant
1300 4921 1490 4981 Caesarianis
1512 4925 1672 5002 Augustis-

336 5043 395 5102 que
417 5026 604 5105 temporibus
629 5025 792 5102 proprium,
816 5035 849 5084 ut
863 5025 997 5103 vulgaris
1019 5025 1204 5084 consuetudo
1227 5025 1338 5084 saeculi
1360 5025 1448 5100 primi
1471 5027 1610 5086 exeuntis
1628 5045 1671 5084 se-

336 5127 486 5203 cundique
508 5139 651 5205 perpetuo
673 5128 714 5186 ibi
736 5129 878 5186 obtineat.
922 5127 1087 5204 Exemplar
1109 5127 1201 5202 igitur
1222 5127 1304 5202 quod
1326 5137 1459 5186 tenemus
1482 5137 1672 5186 retractatum

337 5231 376 5288 ait
397 5248 521 5288 neeesse
543 5239 639 5288 estet
661 5230 698 5288 ab
721 5230 758 5288 iis
781 5231 833 5306 qui
856 5231 1049 5306 archetypum
1069 5237 1175 5304 postea
1190 5229 1412 5304 descripserant
1426 5241 1673 5307 recognoverunt·

336 5349 396 5408 que
422 5332 460 5391 ad
488 5351 559 5391 suaa
585 5333 693 5392 aetatis
720 5351 808 5391 usum
836 5343 974 5390 exactum
1001 5331 1155 5407 diligentia
1181 5343 1211 5390 et
1239 5333 1408 5392 constantia
1433 5349 1505 5390 saue
1532 5333 1673 5392 mirabili.
