3548 6012
338 643 383 712 10
929 659 1067 710 narsen

333 831 597 893 ravennnae
614 833 693 911 (aa),
715 831 913 910 quonaone
935 833 1218 910 quennales.
1241 832 1301 890 ran.
1317 831 1397 890 xm
1416 832 1453 890 ιι
1475 832 1566 891 nimis
1579 840 1667 890 saure
1766 809 1767 848 ³

333 935 372 995 ad
394 935 534 996 Cererem
560 955 598 994 an
625 937 663 994 ad
685 935 797 995 Isidem
823 936 935 995 referat
959 937 1076 1008 haeret;
1103 936 1163 994 Isis
1189 936 1267 994 enim
1290 933 1370 1011 apud
1392 935 1473 994 solos
1495 935 1665 1012 Aegyptios
1766 987 1767 994 ,

333 1039 414 1116 quod
430 1040 523 1098 seiam
537 1028 716 1122 καρποφέρος
730 1038 946 1116 appellabatur.
961 1073 998 1082 -
1016 1038 1140 1097 Boeckh
1154 1038 1212 1096 hoc
1225 1027 1406 1122 καρποφόρος
1419 1055 1528 1096 nomen
1541 1044 1666 1114 propter

333 1142 464 1200 nobilem
490 1140 626 1200 mulieris
648 1141 860 1200 fecunditatem
882 1141 1070 1219 Agrippinae
1092 1141 1222 1200 delatum
1246 1157 1313 1198 esse
1335 1139 1497 1198 existimat
1540 1139 1666 1198 Minime

332 1261 413 1302 vero.
456 1233 642 1327 Knpnopo'poe
668 1261 727 1301 non
749 1262 785 1300 ea
807 1261 912 1320 graece
935 1245 1052 1314 dicitur,
1080 1263 1157 1319 quae
1184 1243 1308 1313 fertilis,
1337 1242 1390 1302 sed
1412 1259 1490 1318 qnae
1511 1241 1666 1299 fructifera

332 1345 476 1405 Romanis
498 1355 553 1404 est
590 1345 759 1411 Fructisera
780 1354 879 1404 autem
901 1345 959 1406 dea
979 1353 1035 1417 est,
1058 1365 1135 1423 quae
1156 1345 1306 1404 fruetuum
1328 1351 1505 1422 proventum
1528 1353 1614 1402 curat
1636 1353 1666 1401 et
1766 1359 1767 1366 ¹

333 1447 437 1520 eflicit,
467 1449 532 1506 siue
555 1445 646 1506 Ceres
676 1449 740 1506 siue
763 1447 859 1507 Terra
886 1448 952 1508 dea.
995 1439 1183 1532 Kapropo'prc
1211 1455 1336 1506 vocatur
1362 1447 1441 1505 Iulia
1466 1449 1607 1524 Augusta
1634 1447 1665 1504 in
1766 1489 1767 1494 η

331 1569 453 1610 nummo
481 1549 606 1609 dextera
631 1559 692 1609 tres
719 1551 818 1627 spicas
841 1559 945 1610 tenens
968 1550 1062 1627 (Ann.
1084 1551 1159 1610 Inst.
1185 1551 1264 1610 1850
1286 1570 1315 1628 p.
1332 1549 1417 1625 aba).
1460 1549 1556 1624 Atqui
1576 1545 1667 1608 ‘nihil
1766 1545 1767 1606 Ῐ

330 1652 492 1716 liberorum
513 1648 593 1711 tulit'
616 1672 654 1711 ex
675 1671 712 1712 ea
732 1654 899 1730 Augustus,
922 1651 1004 1713 Suet.
1021 1655 1099 1730 Aug.
1123 1672 1147 1712 c.
1165 1653 1214 1712 63.
1231 1687 1269 1695 -
1292 1653 1414 1717 Erravit
1435 1652 1524 1710 etiam
1548 1651 1667 1710 Eclrhel
1766 1653 1767 1666 ¹

331 1753 377 1812 VI
393 1755 454 1814 214
482 1773 590 1814 nomen
612 1747 707 1818 Αἰολίς
734 1756 802 1815 inde
822 1756 993 1833 explicans,
1020 1756 1101 1834 quod
1126 1765 1157 1814 et
1179 1754 1390 1816 Germanicum
1415 1763 1445 1813 et
1465 1753 1666 1831 Agrippinam

330 1855 435 1916 Lesbii
462 1858 581 1918 civitate
603 1857 775 1917 donassent.
818 1849 914 1918 Αἰολὶς
933 1850 1101 1942 Ἀγριππίνα
1123 1866 1204 1916 esset
1225 1876 1298 1917 sane
1319 1857 1446 1916 Aeolica
1468 1857 1589 1916 civitate
1610 1856 1666 1913 do·
1766 1873 1767 1876 ’

331 1969 404 2018 nata
425 1960 595 2036 Agrippina
616 1961 670 2060 vel¹
686 1969 791 2036 posset
812 1979 894 2032 esse,
917 1961 970 2020 sed
991 1955 1053 2018 &ai
1075 1949 1169 2018 Αἷσλὶς
1184 1951 1358 2044 Ἀγριππίνα
1380 1960 1437 2018 dea
1457 1968 1505 2018 est
1526 1977 1604 2036 quae
1625 1960 1666 2017 ad
1766 1981 1767 2050 }

331 2079 448 2121 omnem
471 2063 610 2122 Aeoliam
633 2063 818 2140 provinciam
839 2065 995 2142 pertineat.
1032 2062 1103 2122 Non
1124 2062 1243 2140 quidem
1267 2063 1392 2121 Aeoliae
1414 2072 1505 2138 caput
1520 2061 1666 2138 Mytilene
1766 2079 1767 2118 z

330 2172 390 2236 est,
419 2164 473 2224 sed
494 2164 588 2225 Lesbi
609 2167 825 2225 tantummodo.
869 2165 982 2226 Verum
1004 2167 1129 2242 cogitari
1149 2173 1264 2242 potest,
1287 2173 1402 2224 ceteros
1423 2165 1559 2235 Lesbiis,
1582 2163 1666 2240 apud
1766 2169 1767 2242 l

330 2285 406 2342 qnos
429 2267 666 2327 commorabatur
681 2269 859 2346 Agrippina,
882 2269 1083 2341 mandavisse,
1106 2274 1139 2325 nt
1159 2268 1219 2345 ipsi
1241 2287 1296 2344 pro
1318 2267 1456 2326 omnibns
1473 2267 1538 2326 eius
1554 2285 1664 2325 nomen

331 2369 535 2430 communibus
558 2372 652 2430 sacris
674 2371 825 2430 adderent.

331 2642 369 2704 V.
410 2645 446 2703 In
462 2665 629 2706 marmorea
643 2648 746 2706 tabula
761 2647 870 2706 ibidem
893 2647 926 2724 (i.
940 2667 965 2705 e.
982 2646 1138 2725 Mytilene)
1160 2647 1230 2706 Pan.
1265 2645 1349 2705 Haec
1363 2607 1503 2706 marmori
1518 2646 1665 2722 inscripta

372 2756 444 2808 sunt
464 2749 590 2809 mitileni
612 2751 649 2808 de
671 2749 828 2809 Alcibiade
849 2751 916 2808 Pal.

595 2920 630 2981 ‘0
652 2913 749 2980 πάντα
771 2917 864 3001 carptis
884 2913 932 2981 nai
953 2926 1067 2994 μουσῶν
1089 2911 1145 3001 ἔχ’
1168 2911 1309 3008 cipro-[aps

636 3016 827 3096 'mandritae
847 3016 1003 3097 Βυζάντιος
1024 3017 1134 3084 ἐνθάδε
1156 3027 1258 3092 κεῖμαι,

633 3118 776 3198 Ἑλλήνων
797 3118 912 3186 πάντων
933 3119 1005 3213 ὄρνις
1026 3119 1208 3189 ἆοιδᾶτατος·
1278 3157 1280 3160 ·

637 3225 823 3301 Λουκιλλιανὴ
847 3223 876 3288 δέ
898 3253 942 3300 μοι
964 3220 996 3302 ἦν
1017 3221 1217 3313 παράκοιτ[ι]ς,

582 3352 595 3392 a
636 3320 695 3410 ἧς]
717 3331 748 3390 ἐκ
771 3328 907 3392 δαπανῶν
928 3325 1036 3398 τύνβσς
1057 3324 1123 3410 ἔχει
1146 3333 1192 3408 [με
1213 3323 1331 3409 κλ]υτο’ς

636 3424 742 3511 Λέσβῳ
765 3425 802 3492 tvi
824 3427 927 3520 χώρω·
950 3430 965 3507 ἦ
988 3429 1017 3492 δ’
1032 3428 1170 3504 εὐδαίμων
1183 3424 1354 3512 Μυτιλήνη]
1417 3459 1418 3464 ’

636 3539 720 3624 σῷμα
741 3531 927 3608 μετωκῖπατο.

329 3713 365 3775 G.
390 3717 415 3776 I.
437 3714 528 3774 2211.
551 3748 588 3758 —
622 3711 750 3774 Sordide
778 3715 895 3776 consuti
922 3713 1015 3792 panni
1041 3715 1158 3778 metrici
1186 3734 1225 3772 ex
1251 3715 1418 3792 antiquiore
1447 3717 1585 3793 exemplo
1611 3717 1663 3775 de·
1766 3719 1767 3764 l

328 3819 459 3896 prompti
486 3827 570 3890 sunt,
598 3817 681 3876 cuius
708 3817 788 3876 haud
809 3817 962 3896 vulgarem
989 3797 1085 3877 inisse
1113 3817 1278 3876 orationem
1305 3837 1346 3876 ex
1368 3819 1459 3878 verbo
1485 3812 1662 3895 μετῳκῖτατο

329 3920 465 3998 colligas.
508 3920 622 3980 Mortui
644 3919 809 3997 uxorisque
830 3927 861 3979 et
881 3920 996 3997 patriae
1018 3919 1140 3978 nomina
1159 3919 1191 3978 in
1212 3919 1454 3992 mosaicarum,
1481 3929 1513 3980 ut
1532 3922 1664 3997 pristina

328 4022 478 4102 elegantia
498 4024 618 4101 periret.

412 4124 483 4185 V.l
508 4145 581 4186 care
602 4134 689 4204 putes
712 4119 804 4207 ἔξοχ’
826 4113 941 4210 ἄριστος
962 4124 1043 4183 retici
1065 4141 1165 4202 posse.
1206 4123 1295 4184 Dixit
1316 4125 1395 4184 enim
1417 4125 1569 4186 Homerus
1590 4124 1662 4185 ὅνει-
1766 4187 1767 4192 ,

326 4218 451 4312 perdatur
471 4215 529 4307 ἔχ’
551 4217 675 4312 ἄριστος,
697 4245 793 4304 neque
815 4228 905 4286 huius
927 4227 1046 4304 generis
1068 4227 1216 4288 formulae
1236 4229 1368 4304 perverti
1390 4228 1495 4288 solent.
1535 4231 1662 4288 Μουσῶν
1766 4215 1767 4250 ³

327 4326 492 4410 cognomen
524 4331 555 4388 in
587 4329 757 4397 Alcibiadis
789 4330 906 4388 familia
938 4329 1081 4389 usitatum
1116 4329 1212 4389 fuisse
1245 4331 1336 4389 sumit
1362 4331 1517 4403 Welclrer3
1550 4331 1661 4392 melius

328 4451 398 4490 vero
420 4431 544 4492 Boeckh
566 4433 656 4492 vertit
676 4428 820 4508 ‘optimus
842 4427 950 4508 poesi’.
993 4432 1030 4489 ln
1052 4432 1150 4508 primo
1172 4433 1251 4490 enim
1274 4449 1364 4490 versu
1386 4433 1554 4493 Alcibiadis
1578 4435 1662 4511 inge·
1766 4467 1767 4470 ¹

327 4535 409 4594 nium
430 4535 579 4607 landatur,
600 4535 652 4611 qui
674 4553 739 4593 eum
763 4535 794 4592 in
816 4534 884 4594 aliis
908 4535 1047 4593 omnibus
1070 4535 1191 4610 sapiens
1214 4545 1276 4593 tum
1298 4535 1426 4594 eximius
1449 4543 1539 4611 poeta
1558 4537 1660 4596 luerit.
1766 4557 1767 4562 ¹

328 4635 494 4696 Genetivus
520 4656 580 4695 non
605 4637 728 4695 nimium
751 4637 862 4714 placet,
892 4643 924 4695 at
945 4657 999 4696 nec
1021 4637 1146 4713 reliqna.
1191 4635 1345 4698 Sententia
1366 4637 1474 4696 similis
1497 4638 1527 4696 in
1549 4658 1596 4714 ep.
1619 4642 1660 4698 Α.

326 4739 391 4798 Pal.
409 4738 481 4810 Vll,
498 4739 572 4798 355:
595 4727 627 4808 ἦν
650 4733 679 4796 δ’
702 4731 771 4822 ῶιιῆρ
792 4740 906 4806 μουσῶν
928 4733 1008 4805 ἱκανὴ
1030 4733 1113 4822 μερίς.
1148 4739 1248 4799 Etiam
1268 4739 1445 4816 Pomponiis
1460 4741 1567 4800 Musae
1589 4759 1660 4820 cog-

326 4861 436 4900 nomen
462 4841 639 4900 dcmendum
661 4841 807 4912 arbitror,
834 4841 914 4918 qnod
937 4841 1105 4900 Mommsen
1127 4842 1170 4901 eis
1193 4841 1301 4900 indidit
1323 4842 1347 4900 l.
1362 4842 1399 4901 R.
1416 4841 1455 4900 N.
1475 4843 1555 4902 3329
1578 4845 1661 4903 hisce

326 4944 427 5002 verbis
449 4943 552 5014 nisus,
579 4962 655 5020 quae
678 4942 847 5019 subscripta
868 4952 952 5002 sunt:
982 4939 1039 5003 ‘sei
1060 4944 1125 5002 fieri
1147 4945 1308 5021 potuisset,
1331 4951 1481 5003 aeternam
1502 4945 1660 5004 incolumi·

326 5053 417 5105 tatem
444 5046 552 5105 Musae
578 5041 764 5104 donassent’.
812 5045 908 5102 Immo
937 5045 1031 5104 musis
1060 5045 1190 5106 amioum
1218 5047 1419 5122 Pomponium
1445 5047 1659 5107 Petronianum
1766 5089 1767 5092 η

327 5148 353 5206 si
382 5148 566 5226 potuissent,
594 5149 774 5206 incolumem
799 5147 942 5207 fecissent
968 5149 1088 5220 Musae,
1115 5167 1191 5224 quae
1219 5149 1364 5207 orationis
1390 5149 1488 5208 forma
1513 5169 1553 5208 cx
1579 5149 1659 5210 Nae-

325 5251 407 5310 viani
429 5251 510 5327 quod
530 5251 624 5309 fertur
645 5249 790 5327 epitaphii
812 5249 1005 5308 similitudine
1027 5260 1200 5328 comparata
1221 5260 1280 5310 est:
1301 5247 1498 5312 ‘immortales
1517 5251 1657 5313 mortales

327 5353 354 5412 si
374 5353 454 5412 foret
474 5353 520 5412 fas
542 5351 623 5426 flere,
646 5351 751 5410 flerent
772 5351 859 5410 diuae
881 5349 1032 5413 Camenae
1053 5349 1202 5411 Naevium
1224 5348 1365 5430 poetam’.
