3520 6006
573 649 683 700 rssrr
709 649 790 700 rsa.
819 649 946 698 rsrrre
1380 630 1426 698 95

114 820 182 877 nime
206 829 318 896 potest:
347 839 399 879 eos
426 821 610 878 consulari'
599 827 716 896 irnperio
670 752 852 896 lepidus
879 823 1040 880 scribundis
1061 823 1159 896 suctos
1182 821 1336 898 capitolini
1360 821 1429 878 fasti

113 932 256 980 testantur.
299 923 336 980 In
359 923 424 999 ipso
447 941 565 998 quoque
587 923 728 982 feriarum
751 923 908 982 latinarum
931 923 1068 996 frustulo,
1090 925 1174 982 cuius
1197 941 1330 982 summae
1351 922 1430 980 litte·

111 1043 156 1082 rae
175 1025 203 1082 in
222 1025 440 1084 decemviratus
464 1035 581 1102 tempus
603 1027 709 1084 cadere
725 1025 911 1096 videbantur,
933 1025 1096 1084 lleuzenus
1119 1026 1312 1102 suppleverat
1326 1028 1429 1084 decea-

111 1129 174 1184 eiris
193 1128 342 1184 consulam
364 1137 510 1186 notescere.
545 1125 647 1201 Quare
671 1128 857 1204 propositum
880 1127 1078 1202 fragmentum
1101 1147 1166 1186 cum
1182 1129 1327 1186 fastorum
1352 1127 1429 1186 serie

110 1227 182 1285 uallo
196 1228 352 1287 videbatur
373 1247 463 1304 posse
485 1239 572 1305 pacto
596 1231 745 1306 componi.
780 1229 825 1287 Re
841 1249 912 1287 vero
935 1229 1073 1288 subtilius
1096 1249 1255 1306 perpensa,
1278 1239 1341 1288 tota
1362 1249 1429 1288 eva-

109 1340 199 1387 nescet
219 1331 391 1389 difficultas.
424 1331 559 1390 Litterae
579 1347 715 1390 των...
739 1343 783 1390 ter
804 1332 948 1406 repetitae
971 1332 1094 1390 alteram
1114 1331 1247 1390 efficiunt
1261 1333 1429 1390 columnam

109 1431 140 1488 ab
153 1451 195 1501 ea,
208 1449 286 1508 quae
301 1433 486 1494 decemviros
502 1434 617 1510 legibus
633 1435 799 1492 scribendis
814 1433 947 1504 exhibet,
969 1433 1124 1491 interiecto
1141 1434 1238 1510 spatio
1255 1435 1428 1492 seiunctam.

109 1531 164 1592 Illis
183 1535 273 1610 igitur
287 1537 385 1606 annis,
407 1537 517 1612 quibus
540 1537 652 1595 tribuni
675 1537 804 1594 militurn
819 1536 959 1612 eponymi
981 1535 1112 1608 fuerunt,
1136 1536 1231 1593 altera
1246 1537 1334 1594 huius
1350 1535 1428 1614 frag-

109 1637 188 1694 menti
208 1638 348 1695 columna
375 1647 422 1695 est
444 1638 642 1696 restituenda:
672 1640 755 1715 prior
777 1638 961 1696 decemviros
988 1637 1103 1712 legibus
1131 1638 1296 1696 scribendis
1325 1639 1428 1696 offert:

108 1745 221 1814 ubsque
257 1759 425 1816 eponymos
463 1741 518 1798 hos
556 1749 643 1798 extra
681 1741 816 1798 ordinem
855 1749 971 1798 creatos
1010 1739 1075 1797 solo
1115 1741 1307 1816 magistratus
1341 1759 1429 1798 roca-

108 1839 168 1898 bulo
197 1841 323 1912 iudicat,
357 1842 542 1919 singtrlorum
574 1842 743 1900 nominibus
777 1841 937 1918 (quoniam
971 1841 1060 1900 nimis
1094 1843 1217 1918 prolixa
1244 1862 1347 1902 eorum
1381 1859 1429 1900 se-

106 1943 157 1999 ries
177 1945 251 2018 erat)
279 1944 434 2003 brevitatis
463 1945 561 2020 gratia
587 1945 770 2022 suppressis.
814 1943 990 2022 Superiores
1017 1944 1140 2003 maioris
1168 1945 1281 2003 moduli
1310 1945 1428 2004 litterae

106 2045 138 2102 sd
161 2045 424 2123 praescriptionem
455 2047 604 2123 pertinent
631 2065 724 2124 supra
751 2065 855 2105 omnes
878 2047 985 2105 borum
1011 2047 1157 2105 fastorum
1182 2047 1335 2105 columnas
1363 2066 1428 2122 pcr-

104 2155 184 2221 petuo
206 2147 298 2206 duotu
320 2149 534 2207 continuatam.

176 2249 253 2309 Rem
280 2250 324 2308 ito
349 2269 417 2308 esse
450 2251 525 2309 felix
554 2260 673 2328 praeter
701 2269 786 2328 spem
814 2252 946 2311 inventio
975 2253 1139 2310 coufirmat.
1184 2250 1265 2310 Nam
1292 2261 1425 2310 veterum

104 2367 238 2410 saxorum
261 2351 292 2410 in
315 2352 415 2411 albani
439 2355 549 2412 montis
576 2355 729 2410 cacumine
756 2373 849 2429 supra
875 2364 984 2412 terram
1007 2355 1166 2427 iacentium
1188 2355 1323 2431 diligenti
1346 2355 1427 2414 fucta

102 2453 314 2529 conquisitione
335 2474 400 2512 eaor
423 2464 539 2530 partem
557 2455 715 2526 fastorum,
737 2473 813 2530 quae
829 2457 1046 2516 decemviratus
1063 2457 1213 2516 biennium
1235 2467 1266 2514 et
1287 2459 1426 2532 proxime

103 2567 271 2632 sequentem
297 2575 408 2615 annum
435 2557 496 2616 305
525 2558 747 2634 complectitur,
781 2567 873 2616 totam
907 2558 969 2616 fere
998 2559 1181 2636 recuperavi.
1231 2559 1310 2616 Ecce
1344 2559 1427 2618 illam

102 2667 235 2732 quattuor
257 2660 433 2736 compositis
455 2659 631 2736 fragmentis
653 2678 747 2736 paene
770 2662 801 2718 in
823 2661 972 2738 integrum
993 2661 1168 2720 restitutam.

222 4231 245 4269 ts
315 4207 330 4264 ἰ
353 4214 522 4278 mavinia
573 4235 596 4251 ··
618 4219 650 4274 J·
669 4232 716 4265 nra·
729 4216 840 4268 errem
853 4231 894 4268 eos

454 4369 472 4426 ι.
488 4370 517 4443 s.

750 4507 779 4564 4.

105 4707 275 4786 Fragmenta
300 4710 369 4782 1,2
400 4719 557 4769 servantur
583 4711 615 4768 in
643 4711 789 4768 coenobio
810 4711 920 4769 montis
944 4711 1061 4782 albani3
1092 4710 1167 4768 illud
1193 4711 1273 4768 haud
1300 4712 1343 4768 ita
1368 4712 1428 4786 pri-

105 4808 181 4882 dem,
205 4820 234 4868 ut
254 4812 333 4885 dixi,
357 4821 523 4890 repertum,
546 4811 603 4870 hoc
625 4831 704 4872 auno
730 4813 823 4872 1869:
853 4814 882 4884 3,
904 4813 923 4870 4
945 4812 1075 4870 Romam
1098 4813 1223 4871 advecta
1245 4832 1323 4870 anno
1349 4813 1428 4872 1870

106 4921 216 4987 egomet
229 4914 287 4971 vidi
308 4915 339 4972 in
362 4915 479 4973 horreis
501 4915 706 4992 praefecturae
729 4934 854 4992 operum
877 4915 1076 4992 publicorum.
1110 4913 1199 4972 Nunc
1222 4915 1239 4972 3
1262 4915 1427 4990 repositum

106 5023 148 5070 est
168 5015 197 5070 iu
218 5013 374 5088 Palatin03
396 5017 416 5074 4
438 5016 528 5092 periit
549 5025 602 5076 aut
622 5017 704 5077 latet.

182 5113 219 5172 V.
235 5119 326 5178 1—3.
361 5119 487 5196 Apicem
510 5118 628 5178 litterae
649 5121 680 5178 in
702 5119 802 5196 priore
817 5119 949 5178 editione
964 5117 1142 5194 neglectum,
1165 5136 1283 5176 summa
1297 5119 1429 5178 fractura

109 5214 256 5293 diligenter
268 5221 416 5298 inspectu,
439 5239 532 5298 supra
553 5221 702 5298 syllabam
717 5239 777 5280 uva
795 5220 985 5298 deprehendi.
1018 5219 1221 5297 Praescriptio
1236 5221 1325 5298 igitur
1339 5221 1428 5279 fasto-

108 5333 167 5376 rum
189 5335 245 5378 uon
262 5323 360 5382 miuus
374 5330 436 5383 tres
453 5339 559 5383 versus
575 5322 697 5396 obtinet,
720 5341 818 5399 neque
834 5331 935 5383 tamen
956 5321 1073 5398 plures:
1097 5340 1232 5382 summus
1254 5323 1365 5400 quippe
1386 5322 1430 5380 la·
