3548 6012
357 655 405 726 84
712 617 714 624 ,
954 666 1105 727 uuonan

438 847 520 906 Inter
546 849 726 924 cognomina
752 857 871 924 praeter
898 858 1012 925 septem
1036 850 1102 920 illa,
1130 869 1206 925 quae
1229 849 1318 906 stiam
1342 846 1464 904 nomina
1486 843 1581 902 fuisse
1604 839 1691 898 modo

355 949 499 1020 vidimus,
528 952 658 1026 quinque
684 953 726 1008 ita
751 931 880 1010 formata
908 961 993 1022 sunt,
1021 963 1055 1010 ut
1081 953 1201 1028 possint
1228 951 1318 1010 etiam
1345 969 1363 1006 a
1390 945 1564 1006 nominibus
1591 944 1622 1001 in
1649 947 1693 1000 ius

357 1051 493 1110 derivata
514 1071 597 1112 esse:

712 1157 885 1216 Italiciauus
1130 1155 1305 1214 Turasianus

711 1257 860 1317 Parianus
1073 1278 1085 1315 s
1136 1259 1299 1317 Voltrianus

712 1361 860 1437 Repianus

355 1532 416 1594 Sed
438 1533 570 1594 Italicius
585 1535 693 1611 Repius
716 1536 770 1594 vix
792 1539 991 1614 reperientur3
1016 1535 1203 1594 Torasianus
1225 1555 1244 1594 a
1258 1535 1388 1593 Torasio
1411 1532 1571 1611 proficisci,
1593 1549 1653 1588 non
1677 1549 1696 1587 a

355 1637 507 1696 Taurasia
528 1637 638 1715 oppido
662 1645 779 1696 vetusto
807 1659 845 1698 ex
873 1639 971 1715 elogio
994 1635 1147 1714 Scipionis
1171 1637 1296 1696 Barbati
1323 1636 1449 1694 senioris
1476 1643 1565 1704 noto,
1592 1652 1696 1691 exem·

354 1739 437 1816 plum
470 1741 570 1818 ipsum
602 1739 724 1800 indicat.
776 1741 910 1800 Baianus
939 1741 1099 1798 Brisiacus
1127 1742 1281 1798 Dasianus
1309 1739 1484 1796 Hadrianus
1512 1737 1696 1796 Vcnrcsiauus

354 1860 425 1900 casu
451 1843 555 1902 eodem
582 1843 671 1902 modo
699 1843 828 1902 sarmata
855 1844 893 1900 ad
920 1843 1012 1902 Baias
1042 1843 1180 1901 Brixiam
1201 1842 1330 1902 Daciam
1352 1840 1499 1899 Hadriam
1522 1839 1695 1898 Venusiam

355 1945 419 2002 sine
441 1944 530 2002 dubio
553 1944 712 2004 referenda
733 1955 817 2018 sunt3
846 1946 1042 2005 Herauiauius
1065 1955 1096 2004 ot
1117 1945 1332 2004 Praetattianus
1354 1943 1450 2021 ipsam
1473 1941 1697 2000 adiectivorum

354 2047 540 2106 ethnicorum
568 2047 694 2106 formam
721 2048 863 2108 referunt.
908 2048 970 2106 Pro
997 2049 1194 2124 Maponianus
1220 2047 1348 2106 fortasse
1377 2042 1598 2104 emendandum
1627 2061 1697 2102 esse

317 2147 320 2154 ’
355 2149 549 2226 Mapoutanus
572 2150 644 2208 dixi.

437 2252 487 2310 Ex
515 2253 686 2311 nominibus
714 2253 745 2310 in
774 2257 857 2312 anius
884 2263 1002 2330 praeter
1029 2273 1080 2324 ea,
1107 2272 1184 2329 quae
1212 2271 1277 2310 cum
1300 2249 1530 2327 cognominibus
1552 2249 1584 2306 in
1607 2253 1697 2308 ianus

354 2355 413 2412 iam
441 2354 609 2432 composui,
635 2355 694 2412 huc
720 2355 869 2432 pertinent
889 2356 1037 2414 Boionius
1058 2375 1124 2414 cum
1147 2355 1264 2414 Baiano
1287 2352 1464 2432 cognomine
1486 2360 1516 2408 et
1537 2351 1697 2410 Maiaaius

354 2455 577 2527 Trebellianius,
605 2475 732 2532 quorum
759 2476 814 2516 nec
840 2459 990 2516 nominum
1019 2477 1073 2516 nec
1099 2458 1309 2534 cognominum
1336 2456 1366 2514 in
1389 2473 1461 2514 anus
1488 2453 1604 2512 formae
1632 2456 1696 2532 pri·

353 2558 468 2618 mariue
490 2559 590 2617 adhuc
610 2567 746 2635 repertae
767 2569 847 2619 sunt.

437 2661 521 2718 Inter
548 2678 603 2719 sex
625 2669 655 2718 et
676 2663 867 2738 septuaginta
889 2664 1042 2722 nominum
1064 2663 1094 2720 in
1117 2681 1204 2736 anta,
1232 2680 1292 2720 non
1315 2661 1346 2719 in
1368 2663 1467 2730 ianus,
1493 2659 1696 2718 formatorum

354 2762 493 2840 exempla
515 2763 574 2821 duo
598 2782 616 2820 a
638 2763 811 2842 regionibus
835 2765 970 2824 derivata
991 2784 1047 2824 usu
1068 2765 1158 2824 etiam
1181 2763 1358 2840 cognomina
1379 2763 1513 2820 suerunt:

710 2924 871 3001 Africanus
1124 2924 1262 2984 Lucanus

353 3083 423 3140 item
447 3083 485 3141 ab
508 3083 628 3160 oppidis
651 3083 787 3143 derivata
808 3085 945 3144 undecim

712 3225 845 3301 Albanus
1124 3243 1280 3302 Norbanus

711 3345 844 3404 Bolanus
1124 3345 1265 3404 Nouanus

712 3448 866 3506 firmanus
1123 3447 1302 3506 Puteolanus

711 3549 878 3608 Labicanos
1056 3568 1082 3606 ro
1125 3547 1258 3608 Soranus

658 3671 669 3708 a
710 3651 922 3728 Neapolitanus
1131 3651 1313 3727 Venafranos

711 3753 908 3812 Nomentanus

353 3906 563 3984 Septendecim
586 3917 647 3966 tam
668 3908 699 3966 in
721 3927 794 3967 anus
816 3907 947 3968 formata
967 3909 1158 3986 reperiuntur
1180 3927 1270 3985 quam
1292 3909 1323 3968 in
1347 3911 1431 3968 anius
1453 3909 1543 3968 baec:

711 4070 879 4146 Aequanius
1057 4088 1083 4128 ro
1124 4069 1276 4129 Novanius

711 4173 883 4248 Africanius
1126 4173 1255 4230 Oranius

709 4273 854 4332 Albanius
1125 4274 1316 4354 Nupsifonius

713 4377 868 4452 Carsanius
1124 4377 1288 4436 Ibticanius

659 4497 671 4535 5
715 4477 857 4536 Coranius
1132 4479 1323 4555 Venafranius

708 4581 893 4639 Distulanius
1055 4599 1080 4637 rs
1130 4582 1286 4657 Vipsanius

710 4683 877 4742 binnanius
1128 4683 1297 4759 Vipstanius

709 4783 860 4844 Luranius
1127 4785 1304 4861 Urgulanius

708 4885 876 4946 Norbanius

350 5043 458 5120 Neque
490 5061 562 5101 vcro
592 5043 763 5101 necessario
790 5042 859 5101 inde
889 5043 1073 5101 concluseris
1102 5043 1177 5101 haec
1204 5045 1305 5102 omnia
1332 5045 1469 5102 derivata
1496 5063 1563 5104 csse
1590 5053 1646 5104 aut
1672 5066 1693 5104 a

351 5145 521 5204 nominibus
548 5145 578 5202 in
602 5163 675 5203 unus
703 5155 755 5201 aut
781 5165 799 5202 a
826 5145 1054 5221 cognominibus
1082 5145 1169 5220 (nam
1194 5145 1328 5206 Albanus
1349 5146 1506 5205 Firmanus
1529 5147 1692 5206 Norbanus

351 5248 492 5306 Nouanus
516 5247 698 5323 Venafranus
724 5247 814 5305 modo
837 5247 965 5306 vidimus
987 5248 1076 5306 etium
1100 5248 1278 5324 cognomina
1300 5247 1425 5324 fuisse);
1453 5248 1507 5306 sed
1529 5249 1629 5324 potuit
1651 5252 1691 5308 ab

351 5350 454 5409 eodem
476 5349 575 5409 radice
599 5361 723 5426 utraque
746 5349 899 5408 nominum
921 5349 1027 5424 formu,
1051 5350 1080 5407 in
1104 5367 1177 5409 anus
1198 5359 1229 5409 st
1250 5351 1281 5409 in
1302 5355 1397 5424 anius,
1420 5351 1559 5410 derivari.
