3520 6006
366 705 709 760 conunurfflouns
727 705 1004 758 arronarnrcan
1023 705 1125 758 runs.
1199 733 1203 742 ,
1337 685 1408 755 155

98 891 256 940 senmurum
279 893 334 954 est,
355 881 387 938 in
398 880 523 941 Lucana
544 881 673 940 nominis
695 868 935 940 formabamus
954 884 1169 956 proltaarweo
1191 879 1317 936 debilem
1339 897 1410 937 oon·

98 991 238 1042 sonantem
259 1003 287 1042 aa
307 991 359 1042 aut
379 983 621 1060 pronuntiatione
642 991 696 1042 aut
721 983 885 1061 scriptione
912 981 1056 1041 omissam
1084 999 1152 1040 esse
1181 991 1214 1040 ut
1238 981 1269 1038 in
1290 979 1409 1038 Latinis

97 1085 248 1144 nominibus
268 1085 387 1162 Inpios,
414 1085 517 1162 Tapia,
539 1083 664 1162 Popoar',
688 1083 815 1163 Saproai
836 1085 903 1144 aliis
925 1100 979 1162 pro
1005 1083 1148 1160 Tampios,
1173 1083 1306 1159 Templa,
1326 1081 1410 1140 Pom·

97 1191 165 1262 poni,
192 1184 344 1264 Semproni
364 1185 411 1261 (C.
427 1189 553 1264 Ausapr.
569 1187 597 1258 Ι,
618 1186 683 1246 263
697 1207 741 1266 sq.
764 1189 807 1246 sd.
822 1187 868 1264 2).
910 1185 968 1245 Est
989 1194 1088 1244 autem
1110 1191 1231 1246 Λαπονις
1252 1185 1409 1244 nominati-

97 1307 142 1346 vus
167 1289 239 1366 sing.
265 1288 400 1348 eiusdem
426 1289 545 1366 generis
573 1299 606 1348 ut
632 1289 734 1350 Oscae
760 1290 894 1366 linguae:
929 1288 1098 1358 Helrcaais,
1125 1285 1271 1358 Niamsa'a,
1303 1287 1409 1358 Stante,

100 1389 213 1456 Urusa.
237 1392 318 1463 Aris,
340 1391 473 1464 Bisaltia,
495 1391 597 1463 Vilbls,
619 1391 741 1464 Laolris,
757 1390 889 1462 Laor'ltia,
911 1389 1045 1460 Kolonis,
1068 1388 1204 1460 Caiaidis,
1229 1388 1327 1459 Paleis,
1349 1389 1409 1446 Da·

95 1497 186 1567 aava
212 1492 260 1568 (0.
278 1493 314 1550 Z.
331 1495 360 1568 f.
381 1495 471 1571 oerpl.
493 1493 564 1571 Spr.
587 1494 687 1566 V,89.
709 1494 774 1564 XI,
795 1491 855 1552 338
877 1512 920 1569 sp.
943 1493 1001 1551 401
1023 1511 1065 1568 sq.
1088 1491 1218 1562 XVIII,
1242 1491 1316 1550 254.
1338 1490 1409 1548 257.

95 1593 224 1668 XXIII,
241 1595 324 1672 113).
367 1593 457 1670 Quod
479 1595 615 1672 sequitur
635 1615 744 1655 nomen
766 1596 919 1673 proprium
941 1589 1070 1672 {lanfranc
1091 1603 1138 1652 ast
1158 1593 1309 1670 genitivus
1331 1593 1408 1668 sing.
1465 1663 1469 1674 .

95 1699 150 1772 pari
172 1697 308 1774 syllabae
335 1697 435 1756 linaiis
461 1697 558 1756 forma
583 1707 672 1774 atque
696 1697 823 1758 eundem
845 1697 876 1756 in
897 1695 1019 1756 modum
1042 1695 1171 1772 scriptus
1195 1703 1228 1754 ut
1249 1697 1410 1765 Σταπιηις,

95 1793 243 1872 Νιιμνδιηις
263 1801 296 1859 in
318 1799 405 1858 titulo
416 1799 660 1858 Mamertinorum
672 1799 854 1860 Messinensi
876 1798 1019 1875 (Momms.
1041 1797 1107 1858 Uet.
1122 1797 1206 1856 Dial.
1229 1806 1249 1855 ι.
1268 1795 1345 1868 XII,
1367 1797 1411 1855 39

95 1920 123 1976 p.
135 1899 185 1960 193
205 1902 264 1978 sq.)
292 1910 322 1960 et
343 1904 472 1972 Κοπιηις
497 1901 528 1959 in
551 1901 653 1982 tegula
666 1901 833 1962 Vibonensi
855 1901 1042 1962 Bruttiorum
1067 1899 1102 1977 (l.
1119 1919 1142 1960 a.
1161 1919 1193 1976 p.
1209 1898 1278 1970 192,
1296 1919 1329 1976 p.
1345 1898 1408 1974 38).

96 2001 272 2081 comparatis
292 2003 383 2082 igitur
404 2003 649 2063 Mamertinorum
671 2003 841 2063 nominibus
864 2003 972 2064 Oscis:
1000 2003 1098 2064 Στινις
1119 2005 1235 2062 Kalama
1258 1999 1409 2070 Σταττιηις

95 2129 126 2153 -·
147 2103 257 2166 Statius
277 2104 409 2165 Callaicas
425 2105 512 2166 Statii
529 2108 558 2180 s.
581 2116 623 2166 et:
647 2111 747 2188 Μαρας
768 2110 907 2174 [loannes
928 2099 1093 2174 Νιυμσδιηις
1116 2129 1152 2154 =
1177 2104 1283 2162 Maras
1306 2103 1409 2178 Pomp-

94 2211 140 2265 lius
159 2207 317 2266 Numiaidia'
331 2211 360 2284 s.
388 2228 455 2268 cnm
477 2209 649 2268 nominibus
673 2207 749 2268 tituli
771 2207 949 2268 Dianensis:
976 2212 1010 2267 Α.
1032 2211 1156 2267 terrare
1175 2201 1319 2284 Iloesfme,
1346 2203 1411 2282 pla·

94 2327 153 2366 uum
177 2310 212 2368 fit
235 2305 367 2389 ssaufmr
393 2328 462 2370 esse
490 2311 656 2390 genitivum
678 2311 754 2388 sing.
780 2310 983 2387 praenominis
1009 2307 1085 2368 Osci
1109 2308 1309 2368 Lucanorum.
1353 2305 1411 2364 Est

92 2420 182 2468 antem
202 2411 336 2470 eiusdem
358 2413 462 2490 stirpis
477 2431 512 2470 ac
527 2413 721 2490 praenomina
736 2410 819 2472 Osca
834 2411 927 2470 Palaia
950 2411 1093 2487 (Mosarna.
1114 2409 1181 2470 Uat.
1197 2408 1281 2468 Dial.
1298 2419 1317 2468 ι.
1334 2407 1410 2480 XII,

89 2531 114 2587 p.
129 2512 201 2589 190)
222 2524 252 2572 et
273 2513 391 2572 Psalmi
413 2513 448 2590 (l.
470 2533 494 2574 a.
517 2525 537 2574 ι.
555 2515 644 2588 VIII,
659 2514 708 2584 16,
726 2533 759 2591 p.
775 2515 843 2574 178.
858 2514 924 2573 241.
942 2513 1033 2588 284),
1062 2514 1204 2590 quoniam
1226 2513 1256 2570 in
1278 2505 1411 2589 Ilaufaa

91 2609 125 2692 af
151 2632 239 2674 sonus
270 2635 308 2674 ex
330 2616 350 2673 la
370 2616 401 2674 in
423 2616 515 2676 Palaia
541 2626 625 2675 ortus
651 2625 699 2676 est
724 2625 758 2674 ut
777 2614 953 2674 Latinorum
976 2633 1014 2692 pu
1035 2615 1066 2674 in
1088 2614 1219 2692 Papulas
1241 2631 1281 2672 ex
1304 2629 1410 2670 conso·

90 2717 161 2774 nanti
180 2735 195 2775 a
214 2719 245 2775 iu
263 2715 384 2776 Paciae.
428 2717 534 2794 Itaque
554 2713 683 2796 ssaxfpc
703 2717 851 2795 genitivus
873 2717 950 2794 sing.
973 2736 992 2776 a
1014 2717 1106 2794 stirpe
1127 2711 1227 2794 [lanfr
1244 2747 1256 2758 -
1275 2723 1411 2790 repeten-

92 2817 139 2875 dns
159 2827 218 2891 est,
245 2827 280 2877 ut
300 2819 423 2896 genitivi
445 2821 522 2897 sing.
547 2817 619 2879 Osci
640 2820 867 2897 Prlmpaiiaaela,
890 2820 1019 2894 lrlssrsa's,
1040 2821 1193 2889 minslrcia,
1214 2816 1409 2888 calcaralcln's,

91 2923 164 2978 tercia
194 2921 245 2980 alii
272 2939 292 2978 a
319 2921 463 2998 stirpibus
492 2921 649 2982 verborum
682 2923 714 2981 in
743 2941 762 2980 o
792 2921 926 2980 vocalem
958 2920 1137 2980 exeuntibus
1166 2919 1297 2998 profecti
1331 2926 1409 2978 suut.

91 3019 195 3081 Deinde
217 3026 326 3084 Οπιις
347 3024 378 3082 iu
399 3024 485 3083 titulo
508 3023 652 3084 Mandelli
674 3031 720 3084 est
741 3023 942 3084 nominativus
964 3025 1040 3100 sing.
1063 3023 1094 3082 in
1115 3022 1240 3080 eandem
1262 3021 1410 3098 syllabam

90 3123 197 3183 finalem
219 3124 317 3184 flexus
345 3134 378 3184 nt
398 3126 519 3184 nomina
539 3126 665 3203 gentilia
685 3124 877 3186 Lucanorum
899 3127 1033 3201 Asaries,
1055 3125 1200 3196 Marcios,
1223 3123 1318 3197 Soles,
1345 3124 1409 3182 Ma·

90 3227 273 3286 martinorum
294 3231 445 3296 Πομπτιες,
467 3226 690 3306 Campanorum
706 3227 803 3300 Sillae,
826 3226 930 3288 sanas
956 3225 1008 3304 (C.
1031 3227 1065 3284 Z.
1081 3228 1109 3300 s.
1124 3226 1212 3303 oerpl.
1229 3225 1297 3303 Spr.
1314 3225 1410 3298 XIII,

90 3325 147 3386 2⁵5.
162 3329 307 3422 ΧΧ,,10
328 3329 402 3406 aa),
437 3337 468 3388 et
490 3335 576 3392 Οπιις
602 3349 663 3390 ιιοιι
684 3331 810 3390 ιιιιιΙιιιιιι
833 3329 933 3390 differt
954 3347 973 3387 a
993 3328 1177 3389 nominativo
1204 3327 1409 3404 praenominis

91 3425 214 3507 Capuani
233 3431 338 3510 Uppia‘a
368 3431 542 3507 (IIiaeraia.
565 3431 647 3492 Ball.
670 3433 749 3492 aral.
771 3431 851 3510 Nap.
873 3451 920 3490 ao.
942 3451 982 3491 ar.
1011 3431 1043 3502 V,
1071 3441 1126 3490 tau.
1157 3429 1242 3500 VIII,
1262 3430 1288 3502 1,
1306 3449 1341 3506 p.
1359 3429 1408 3489 99.

91 3532 160 3606 100).
192 3531 252 3594 Sed
275 3538 363 3594 Οπιες
385 3551 439 3592 suo
461 3535 529 3593 loco
550 3534 610 3593 vim
633 3535 722 3593 habet
742 3534 938 3612 cognominis,
960 3533 1042 3610 quod
1063 3541 1134 3608 post
1154 3551 1336 3608 praenomen
1357 3535 1409 3608 pass

92 3633 139 3690 tris
159 3635 287 3710 positum
308 3645 371 3705 est,
399 3643 432 3694 ut
452 3637 630 3713 cognomina
651 3635 755 3710 Aulcil,
782 3636 884 3708 Most,
915 3635 1041 3710 Iafidiaa
1063 3634 1093 3692 in
1116 3633 1211 3694 titulis
1234 3632 1339 3692 Oscis:
1369 3633 1408 3692 L.

92 3732 189 3794 Slaba'ls
209 3736 248 3794 L.
264 3735 371 3808 Achil,
394 3771 433 3780 —
459 3736 495 3797 G.
511 3737 664 3816 Paapiass]
691 3737 727 3798 G.
750 3738 854 3808 Metal,
881 3771 922 3780 -
947 3735 1002 3796 Ga.
1020 3735 1113 3796 Stella
1135 3735 1197 3794 Ma.
1217 3735 1345 3810 Tafidins
1368 3768 1409 3778 -

92 3835 224 3909 (Momm.
245 3838 309 3898 Uar.
324 3839 409 3897 Dial.
422 3859 454 3916 p.
472 3839 547 3913 240,
566 3841 596 3900 C.
612 3840 647 3898 Z.
662 3842 690 3916 s.
705 3841 793 3916 vsrpl.
811 3838 881 3917 Spr.
898 3837 993 3912 XIII,
1008 3837 1091 3913 263).
1134 3836 1216 3896 Nota
1229 3856 1250 3895 Α
1264 3837 1349 3896 initio
1364 3837 1409 3896 in·

92 3939 250 4015 scriptionis
272 3939 437 4000 Dianensis
464 3942 666 4019 praenominis
693 3951 753 4014 est,
781 3961 858 4018 quae
880 3941 1018 4018 quamvis
1049 3941 1080 3998 in
1106 3939 1174 3999 aliis
1201 3939 1296 3998 titulis
1319 3939 1409 3998 Oscis

92 4057 142 4098 non
165 4042 342 4120 reperiatur,
359 4053 472 4128 ¹tamen
498 4043 617 4104 videtur
642 4063 703 4104 non
729 4045 850 4103 diversa
873 4043 968 4103 fuisse
993 4063 1012 4101 a
1031 4041 1141 4101 Latina
1166 4049 1238 4100 nota
1259 4044 1297 4101 A.
1320 4060 1406 4118 prae·

92 4145 208 4203 nominis
229 4144 312 4204 Auli.

161 4245 262 4322 ltaque
284 4246 521 4306 demonstratum
550 4247 675 4320 videtur,
709 4266 817 4306 nomen
850 4247 907 4306 viri
932 4246 1048 4306 Lucani
1082 4247 1179 4323 gentis
1206 4245 1407 4323 Lamponiae:

92 4349 121 4400 Α.
139 4351 255 4406 Aurorae
276 4344 407 4428 ΠακῘηις
429 4353 533 4416 Omra,
558 4348 665 4408 Latine
687 4349 868 4409 reddendum
891 4366 972 4408 esse:
996 4349 1091 4408 Aulus
1112 4347 1291 4424 Lamponius
1313 4347 1410 4424 Paqar'

94 4447 156 4506 illus
178 4450 306 4528 Oppias,
332 4459 363 4509 et
388 4451 446 4510 hoa
467 4469 573 4512 nomen
595 4452 746 4512 continere
768 4451 933 4510 subiectum
960 4452 1074 4528 primae
1096 4449 1309 4509 enuntiationis
1331 4449 1409 4508 tituli

93 4545 252 4612 Dianensis.

162 4653 233 4715 inde
255 4655 409 4732 colligitur
429 4655 459 4714 iu
481 4656 577 4716 tribus
599 4657 699 4716 verbis
722 4675 798 4734 quae
819 4665 983 4732 sequuntur
1004 4677 1069 4723 πιω,
1091 4677 1150 4714 ora.
1166 4677 1212 4712 aaa
1235 4654 1337 4714 inesse
1357 4653 1408 4712 ob·

94 4749 186 4814 iactum
207 4757 342 4816 eiusdem
364 4759 586 4818 enuntiationis.
631 4757 747 4817 Horum
768 4757 907 4816 ultimum
929 4780 975 4814 εκο
998 4759 1028 4816 in
1055 4765 1193 4834 promptu
1223 4765 1269 4816 est
1290 4775 1407 4815 accusa-

95 4853 171 4916 tivum
196 4859 271 4936 sing.
295 4861 431 4920 eiusdem
455 4860 641 4938 pronominis
669 4859 743 4920 Osci
771 4877 853 4933 esse,
880 4860 964 4918 cuius
991 4857 1181 4918 accusativus
1211 4859 1288 4934 plur.
1311 4867 1407 4919 neutr.

96 4954 147 5027 elta,
165 4959 313 5022 ablativus
335 4963 413 5040 sing.
428 4962 498 5021 fem.
515 4962 629 5035 alala-cl,
652 4961 749 5034 eka-lc,
770 4961 973 5022 nominativus
996 4963 1071 5037 sing.
1091 4960 1159 5020 lem.
1176 4959 1300 5032 elea-al,
1322 4979 1408 5018 accu-

97 5058 194 5120 sativus
214 5063 290 5140 plur.
313 5061 383 5122 Iem.
406 5063 517 5138 elea-ss,
544 5065 692 5124 locativus
715 5066 792 5142 sing.
809 5081 899 5122 masc.
922 5063 1001 5122 alal-lc
1022 5063 1053 5121 in
1075 5064 1144 5121 aliis
1166 5063 1286 5139 liuguae
1308 5061 1408 5122 Oscae

96 5167 275 5226 monumentis
297 5165 485 5243 reperiuntur
506 5167 554 5244 (0.
576 5167 700 5244 Aasspr.
722 5165 748 5238 I,
768 5165 833 5224 386
851 5183 894 5241 aq.
917 5167 960 5224 ed.
978 5165 1008 5225 2.
1050 5165 1185 5238 Επάενίι,
1214 5165 1355 5222 Formeal.
1378 5164 1407 5222 d.

101 5257 158 5320 oa.
173 5263 240 5342 Spr.
258 5287 292 5344 p.
311 5266 363 5326 68.
410 5267 505 5328 Gloss.
526 5287 558 5344 p.
576 5267 639 5344 29).
682 5266 802 5326 Abiecit
829 5277 926 5326 autem
956 5289 1002 5323 ικο
1030 5265 1160 5326 litteram
1181 5285 1208 5324 m
1229 5267 1350 5326 finalem
1375 5275 1409 5324 ut

98 5369 244 5428 accusativi
257 5388 383 5444 aomoao,
404 5389 483 5444 aaa,
498 5371 618 5444 Sarius,
640 5373 698 5444 ula,
712 5367 823 5442 Iuvia'a,
838 5367 1044 5447 Palaepolim,
1060 5372 1146 5428 tiarri
1161 5367 1291 5446 (Brapp.
1306 5367 1408 5427 Laatl.

1140 5467 1202 5530 11·
