3520 6006
328 531 398 602 126
760 545 1067 598 snnrrsnannvn
1084 547 1170 600 von.
1188 548 1218 598 11

323 726 358 800 5,
379 727 397 785 3
425 733 455 784 et
480 724 532 784 ubi
557 723 656 802 agitur
677 721 714 782 de
736 721 917 801 spectaculis
940 721 973 794 6,
994 719 1049 794 30,
1076 729 1109 780 ut
1128 721 1160 778 in
1182 720 1229 780 his
1252 721 1391 780 omnibus
1413 722 1529 782 colonis
1550 724 1655 799 aequi·

323 834 483 906 parentur;
514 825 546 884 id
575 825 656 903 quod
683 825 714 883 in
744 824 925 903 spectaculis
954 823 1026 882 item
1054 823 1189 900 peruenit
1216 824 1253 882 ad
1284 814 1658 904 bospitea'cdoentorespce

325 931 428 992 eadem
450 929 514 989 fere
534 927 674 1000 formula,
696 947 773 1004 quae
793 926 909 986 balneis
930 925 1059 1006 publicis
1081 926 1203 986 inscribi
1224 922 1391 1003 solebat¹).
1413 961 1451 971 —
1474 925 1536 988 Ubi
1558 929 1659 1008 agitur

324 1033 362 1093 de
389 1031 508 1092 colonia
533 1030 624 1090 armis
653 1029 840 1090 defendenda
865 1048 933 1090 cum
959 1029 1070 1088 incolae
1097 1029 1233 1088 dicantur
1258 1030 1420 1103 contributi,
1450 1030 1591 1090 videntur
1618 1033 1658 1090 ibi

324 1135 459 1212 intellegi
485 1152 546 1193 non
573 1142 634 1194 tam
661 1133 741 1194 cives
761 1131 892 1192 Romani
920 1131 1044 1208 originis
1071 1131 1209 1192 diversae
1230 1130 1350 1191 Ursone
1371 1133 1513 1212 degentes
1539 1133 1659 1210 (quam-

325 1257 415 1316 quam
441 1237 497 1296 hos
523 1253 642 1313 quoque
668 1235 707 1295 ad
734 1233 950 1295 defendendam
976 1233 1126 1294 coloniam
1153 1235 1303 1294 adhibitus
1329 1252 1396 1295 esse
1424 1245 1660 1296 consentaneum

325 1341 387 1420 eat)
413 1357 504 1417 quam
529 1338 634 1416 populi
662 1338 725 1398 aive
746 1337 848 1399 Latini
872 1337 948 1397 iuris
976 1338 1040 1397 sive
1066 1337 1215 1414 peregrini
1241 1357 1337 1396 norae
1362 1338 1498 1398 coloniae
1523 1341 1662 1399 attributi

326 1462 362 1502 eo
384 1443 459 1515 iure,
481 1457 540 1519 quc
564 1439 680 1500 Carnos
702 1437 885 1518 Gatalosqne
906 1439 1107 1517 Tergestinis,
1129 1437 1302 1499 Oamunuos
1323 1439 1478 1500 Brixianis
1500 1444 1661 1522 Augustus

328 1541 520 1620 attribuit⁹);
548 1542 693 1604 sollemne
719 1543 797 1602 enim
824 1552 871 1602 est
891 1544 923 1602 in
943 1543 990 1600 his
1013 1541 1193 1602 attribuendi
1215 1543 1281 1601 sive
1302 1544 1508 1603 contribueudi
1530 1545 1662 1604 vocabu·

325 1649 399 1719 lum,
421 1665 476 1708 nec
497 1645 601 1723 negari
622 1651 723 1722 potest
742 1645 909 1704 incolarum
930 1646 1050 1704 nomine
1069 1645 1157 1703 etiam
1173 1645 1320 1705 eiusmodi
1334 1647 1470 1704 homines
1484 1656 1567 1706 recte
1582 1667 1662 1706 com·

325 1749 478 1834 prehendi.
512 1747 700 1826 Quamquam
722 1755 802 1807 recte
823 1747 953 1806 fortasse
967 1747 1144 1806 Huschkius
1166 1749 1261 1806 suasit
1276 1756 1310 1806 ut
1328 1749 1501 1809 emendetur
1516 1750 1662 1827 colon(os)

325 1853 491 1929 incolasque
517 1849 785 1928 contributoa[que],
812 1857 844 1910 ut
872 1849 975 1909 addita
1000 1849 1147 1927 particula
1173 1850 1288 1910 incolae
1314 1852 1375 1910 sint
1400 1851 1452 1928 qui
1478 1870 1602 1930 semper
1623 1853 1664 1912 ita

312 1931 531 2032 appellantur,
557 1953 715 2012 contributi
741 1961 841 2012 autem
869 1953 906 2010 ab
933 1952 1040 2010 incolis
1068 1951 1297 2029 distinguantur.
1318 1987 1360 1996 -
1388 1953 1435 2013 Eo
1463 1962 1566 2014 autem
1595 1956 1663 2014 loco

326 2075 387 2134 quo
413 2057 451 2114 de
477 2056 693 2115 munitionibus
721 2055 819 2132 agitur
844 2073 910 2114 cum
937 2055 981 2114 sic
1002 2056 1202 2133 perscriptum
1223 2055 1277 2114 sit:
1305 2060 1355 2132 qai
1375 2060 1405 2116 ia
1427 2076 1460 2115 ec
1482 2059 1600 2118 colonia
1621 2063 1663 2116 io·

328 2169 408 2220 trcoe
430 2161 489 2218 ciue
512 2159 640 2219 coloniae
654 2160 728 2235 fines
750 2157 921 2216 domicilium
938 2159 1125 2234 praeclamet
1146 2158 1258 2217 latebit
1277 2177 1366 2235 neque
1387 2163 1447 2218 etas
1469 2161 1600 2220 coloniae
1621 2181 1664 2220 co·

329 2263 412 2321 lonae
434 2264 499 2332 etit,
524 2269 651 2338 apparet
671 2260 790 2337 plenius
812 2259 975 2337 significari
995 2278 1063 2318 cum
1084 2259 1199 2318 incolas
1223 2269 1284 2319 tum
1306 2279 1499 2338 possessores
1521 2282 1592 2335 eos,
1614 2265 1664 2339 qui

196 2377 310 2430 Colone
328 2383 384 2423 nec
410 2363 493 2422 cives
521 2382 577 2422 nec
603 2363 720 2422 incolas
751 2371 859 2422 essent.
881 2394 922 2404 —
949 2361 1089 2438 Denique
1118 2363 1197 2439 qnod
1225 2363 1344 2422 aliunde
1372 2383 1492 2441 quoque
1519 2386 1664 2426 notamus

223 2467 281 2502 ‘⁰²¹¹
327 2467 437 2526 civium
463 2482 575 2525 uxores
601 2465 727 2542 originis
754 2465 870 2524 alienas
896 2465 928 2524 in
956 2464 1055 2524 mariti
1083 2464 1203 2522 civitate
1229 2465 1395 2526 incolarum
1422 2467 1488 2526 loco
1514 2468 1664 2544 luisse³),

205 2540 300 2576 mm
328 2569 360 2628 id
386 2569 477 2628 etiam
504 2567 594 2626 huius
620 2567 696 2646 legis
724 2587 750 2626 c.
773 2565 945 2628 CXXXIII
972 2577 1103 2626 cavetur.
1150 2567 1230 2626 Nam
1259 2569 1367 2644 lepidas
1396 2570 1523 2628 coloniae
1551 2575 1664 2648 virique
1749 2571 1750 2624 ἷ

327 2689 446 2750 parere,
468 2669 612 2747 quamdiu
633 2669 855 2728 matrimonium
877 2670 977 2742 durat,
1000 2669 1079 2728 idem
1102 2677 1148 2728 est
1169 2679 1259 2746 atque
1279 2671 1408 2730 incolam
1429 2690 1505 2732 esse.

412 2773 541 2832 Munera
562 2771 736 2830 colonorum
757 2771 982 2847 incolarumque
1005 2772 1065 2830 duo
1084 2783 1355 2832 commemorantur
1369 2775 1517 2834 notabilia
1530 2776 1664 2847 omnino,
1749 2775 1750 2836 3

206 2889 303 2940 Militia
332 2875 449 2936 scilicet
469 2873 578 2934 militia
600 2875 633 2946 5,
650 2872 723 2949 2sq.
745 2883 775 2932 et
796 2873 922 2933 munitio
945 2873 979 2946 3,
996 2872 1088 2950 23sq.
1131 2875 1220 2932 Illam
1242 2875 1339 2934 adhuc
1361 2877 1541 2936 credidimus
1563 2877 1663 2937 locum
1749 2867 1750 2872 ¹

330 2978 408 3038 inter
428 2993 553 3036 munera
574 2975 765 3054 municipalia
785 2975 900 3034 nullum
922 2975 1077 3048 habuisse,
1100 2976 1215 3036 scilicet
1235 2995 1303 3036 cum
1319 2979 1543 3056 magistratibus
1558 2981 1665 3056 populi

333 3081 462 3141 Romani
483 3080 531 3138 ius
552 3086 633 3138 esset
652 3077 889 3154 quibuscumque
910 3078 1022 3136 vellent
1043 3078 1107 3136 siue
1128 3079 1242 3138 civibus
1265 3081 1329 3140 sive
1351 3082 1516 3160 peregrinis
1538 3083 1665 3142 militiae

330 3180 506 3244 indicendae
527 3189 589 3240 tam
611 3181 690 3239 iusto
712 3179 829 3239 delectu
843 3199 933 3257 quam
947 3181 1152 3255 tumultuarIo,
1174 3181 1358 3242 coloniarum
1373 3185 1665 3262 municipiorumque
1749 3199 1750 3210 ¹

330 3283 556 3362 magistratibus
582 3281 613 3340 id
638 3283 736 3359 ipsum
761 3300 950 3359 nequaquam
976 3283 1108 3342 licuisse.
1151 3284 1216 3342 Iam
1242 3303 1314 3344 vero
1341 3287 1500 3346 edocemur
1525 3289 1665 3347 coloniae
1749 3281 1750 3344 ζ

331 3387 441 3446 civium
462 3386 666 3445 Romanorum
691 3386 723 3444 in
745 3383 894 3462 Hispania
918 3403 938 3442 a
958 3385 1102 3445 dictatore
1124 3383 1256 3446 Caesare
1276 3389 1421 3448 deductae
1442 3389 1664 3464 decurionibus,
1749 3421 1750 3424 ¹

331 3509 399 3550 cum
424 3489 499 3548 fines
525 3487 662 3547 coloniae
687 3487 783 3548 hostia
805 3487 969 3547 invasisset
989 3488 1188 3548 invasurusve
1210 3499 1303 3564 esset,
1329 3491 1378 3549 ius
1400 3491 1495 3551 fuisse
1516 3493 1553 3552 de
1575 3513 1613 3552 ea
1633 3511 1664 3550 re
1749 3463 1750 3482 Χ

331 3589 508 3652 decernendi
535 3589 713 3666 decretoque
738 3589 816 3649 facto
843 3589 965 3650 licuisse
984 3589 1084 3649 IIviro
1110 3590 1189 3664 eive,
1216 3609 1305 3669 quem
1325 3593 1351 3653 is
1373 3611 1429 3652 suo
1450 3595 1518 3654 loco
1540 3596 1664 3654 armatis

331 3693 540 3771 praefecisset,
568 3693 691 3752 colonos
713 3692 888 3769 incolasque
909 3693 961 3769 qui
983 3711 1067 3750 arma
1088 3692 1165 3752 ferre
1187 3703 1313 3771 possent
1333 3713 1458 3755 evocare
1480 3697 1663 3774 educereque

332 3797 419 3872 eique
433 3795 533 3854 IIvIro
555 3794 742 3872 praefectove
764 3795 829 3854 eius
851 3795 1106 3854 animadvertendi
1127 3795 1158 3854 in
1172 3795 1282 3856 milites
1297 3797 1376 3856 idem
1391 3799 1439 3857 ius
1454 3799 1560 3874 fuisse,
1583 3800 1663 3876 quod

332 3907 380 3958 est
406 3897 526 3957 tribuno
548 3897 677 3957 militum
699 3897 730 3954 in
752 3897 885 3956 exercitu
906 3897 1012 3974 populi
1032 3897 1170 3956 Romani.
1214 3897 1336 3958 Scilicet
1355 3889 1449 3984 κύριός
1470 3900 1545 3969 ἐστι,
1571 3901 1664 3979 Poly-

331 3999 440 4077 bius⁴)
467 3999 522 4072 ait,
554 3989 602 4056 acl
629 3995 733 4070 ζημιῶν
759 3995 774 4057 ὃ
802 3991 964 4082 χιλίαρχος
989 3989 1037 4056 urci
1063 3991 1255 4084 ἓνεχυριᾶξων
1274 3993 1330 4064 aecci
1355 4004 1520 4080 μαστιγῶν,
1549 4023 1663 4082 poenae

409 4231 433 4294 ¹)
461 4231 563 4282 Titulus
581 4231 745 4281 Interamnae
764 4229 999 4282 Praetuttianorum
1023 4239 1139 4296 repertus
1163 4232 1201 4294 (Ι.
1215 4233 1249 4284 Ν.
1264 4233 1335 4286 6149
1355 4253 1389 4276 --
1407 4235 1513 4286 Heuaen
1527 4235 1612 4298 6362)
1629 4237 1664 4286 sic
1749 4285 1750 4290 ,

331 4325 422 4375 habet:
442 4319 473 4383 Q.
490 4321 518 4374 0.
531 4321 662 4390 Poppceea'
679 4319 709 4381 Q.
722 4322 749 4388 s.
764 4323 892 4390 patroc&
911 4324 1031 4391 maalmpa'
1048 4331 1074 4374 et
1090 4324 1202 4375 colonici
1219 4325 1392 4394 municipibus,
1412 4327 1529 4389 colocen,
1550 4327 1661 4389 incoleia,

332 4415 480 4484 hospitibus,
501 4413 680 4466 adventoribaa
699 4414 850 4466 laocdonem
868 4415 896 4464 ic
910 4423 1056 4483 perpensam
1075 4416 1105 4468 de
1123 4433 1171 4468 aaa
1184 4419 1296 4484 pecunia
1314 4417 1383 4470 dant.
1413 4419 1517 4473 Similes
1529 4423 1662 4472 suutVer·

334 4510 451 4560 cellensis
470 4507 586 4570 (Bruzsa
604 4509 664 4558 iacr.
683 4503 790 4558 Vercell.
809 4525 835 4573 p.
850 4509 885 4558 43
905 4527 939 4549 =
960 4509 989 4559 C.
1003 4509 1025 4559 1.
1038 4511 1068 4560 L.
1084 4509 1116 4571 V,
1132 4509 1229 4572 6668),
1253 4511 1436 4562 Praenestinus
1456 4511 1553 4574 (Orelli
1572 4512 1660 4574 3326),

332 4601 465 4655 Suasanua
490 4599 581 4660 (Orell.
602 4598 704 4662 2267),
729 4600 779 4650 nisi
805 4599 874 4665 quod
899 4600 1029 4651 adduntur
1052 4603 1080 4651 in
1099 4603 1268 4654 Praenestino
1292 4605 1361 4654 acroi
1378 4619 1474 4666 eoram,
1499 4605 1527 4656 in
1546 4606 1661 4658 Suasano

332 4709 437 4744 aaaoree
454 4695 538 4744 ceroci
556 4692 712 4759 ancillaeque
730 4707 822 4743 eoram.

411 4782 436 4848 ²)
462 4785 618 4851 Marquardt
636 4781 881 4852 Stactaoenoaltnnq
903 4787 927 4847 1,
943 4787 968 4835 7.
1007 4785 1047 4836 cf.
1068 4785 1098 4838 C.
1112 4787 1134 4837 1.
1149 4787 1178 4837 L.
1190 4789 1215 4838 V
1234 4787 1394 4854 pta-140.

410 4875 435 4941 ⁸)
462 4877 524 4943 Dig.
539 4879 586 4941 50,
603 4881 627 4940 1,
643 4876 692 4941 38,
707 4875 737 4928 3ι
756 4877 881 4928 mulierem
901 4855 1019 4944 olandia
1037 4885 1117 4946 napta
1134 4886 1173 4929 eat
1189 4879 1298 4930 incolam
1315 4877 1423 4931 eiusdem
1441 4882 1556 4932 civitam
1574 4883 1660 4944 cidem,

233 5020 237 5029 ,
332 4972 403 5022 caica
426 4971 532 5022 maritus
554 4971 608 5022 eiua
631 4976 669 5021 eat
691 4977 716 5020 et
737 4967 785 5031 ibi,
810 4968 876 5020 unde
899 4970 1020 5037 oripioem
1044 4968 1135 5032 tradit,
1160 4987 1211 5022 noa
1234 4973 1293 5038 copi
1309 4971 1449 5024 maneribus
1459 4973 1547 5042 junqi.
1585 4975 1660 5026 Kubn

333 5061 411 5114 stddt.
429 5060 583 5130 Versaeeaay
604 5063 687 5127 1,16.
1287 5088 1293 5110 ι

408 5153 434 5217 ⁴)
464 5157 494 5219 6,
514 5157 557 5219 37,
579 5157 604 5208 6.
643 5155 684 5207 Cf.
702 5155 793 5206 Macer
810 5155 871 5220 Dig.
891 5155 1110 5219 49,16,1a,2:
1135 5155 1243 5222 ‹fflics'cm
1261 5155 1415 5209 tribanos-cm
1433 5166 1471 5210 eet
1571 5157 1660 5210 delicto

333 5246 465 5301 eamdam
484 5263 545 5302 anae
565 5249 725 5301 auctoritatis
742 5246 839 5300 modam
858 5248 994 5316 ccctiqcrc.
