3520 6006
348 662 419 733 156
875 699 878 708 2
916 677 1098 731 ooassnuz

343 855 372 911 d.
390 853 459 913 Oak.
476 851 544 930 Spr.
563 872 595 930 p.
612 852 679 929 93).
721 851 789 911 Hoc
810 871 881 912 vero
903 853 1028 930 antiqno
1050 852 1225 911 accusativo
1246 849 1372 911 Lucano
1394 875 1441 909 εκο
1463 852 1665 930 comprobatur

344 974 412 1014 mea
434 957 597 1030 sententia,
625 955 715 1015 etiam
740 977 842 1038 canope
865 955 894 1012 in
918 955 1005 1014 titulo
1027 955 1274 1014 Mamertinorum
1295 955 1476 1015 Mcssiuensi
1502 971 1569 1014 esse
1589 973 1668 1013 acon-

286 1127 288 1132 ,
344 1059 474 1118 sativum
495 1057 571 1137 sing.
592 1067 700 1132 nenta,
722 1056 848 1134 ideoque
871 1058 1063 1116 verbosius:
1085 1055 1212 1134 [Στε]νις
1233 1060 1351 1118 ilustris
1364 1057 1526 1129 Σταπιηις,
1548 1056 1668 1140 [bladae

234 1223 243 1242 l
343 1164 483 1228 Πομπτιες
504 1155 668 1232 Νιυμσδιηις
696 1153 815 1240 μεδδειξ
837 1181 957 1220 consenc
989 1158 1085 1236 [athtcs
1116 1181 1198 1216 τουτο
1222 1165 1378 1244 Μαμερτινο
1401 1159 1600 1236 [quomovet
1622 1181 1668 1215 ra-

342 1285 406 1346 κορο
429 1263 573 1340 (Memmi.
600 1263 664 1322 Unt
685 1263 768 1320 Dicl.
785 1273 803 1322 t.
821 1259 897 1334 XII,
919 1260 969 1333 39,
984 1280 1017 1338 p.
1033 1260 1090 1320 193
1111 1261 1169 1338 aq.)
1191 1259 1374 1340 significare:
1399 1260 1516 1322 Stenius
1538 1260 1668 1320 Kolioins

344 1365 433 1426 Statii
453 1369 497 1442 s.‚
524 1365 631 1424 Maras
653 1364 802 1442 Pomptioe
823 1363 982 1422 Numisidii
1002 1363 1031 1438 s.
1052 1365 1193 1424 meddicee
1215 1369 1326 1441 operati
1346 1375 1413 1424 sant
1437 1375 1464 1423 ct
1484 1368 1585 1423 duim
1605 1363 1666 1421 dlo-

342 1472 465 1526 mertinc
479 1467 614 1546 Apollini
628 1485 752 1538 tomam,
774 1485 865 1544 quam
880 1467 1002 1544 quidem
1022 1465 1297 1544 interpretationem
1320 1468 1410 1526 etiam
1426 1467 1496 1526 aliis
1510 1465 1669 1524 rationibus

342 1569 511 1629 confirmari
529 1569 579 1628 hic
597 1587 657 1629 non
676 1587 752 1646 opus
774 1577 829 1641 cst,
851 1577 884 1627 nt
905 1587 1054 1645 exponam
1075 1567 1124 1644 (0.
1138 1569 1175 1627 Z.
1190 1571 1218 1644 f.
1240 1569 1329 1646 oerpl
1345 1568 1415 1647 Spr.
1432 1567 1566 1640 XVIII,
1589 1567 1667 1643 2⁵7).

342 1671 398 1731 Ille
421 1672 511 1750 igitur
532 1673 720 1731 accusativus
743 1671 927 1748 pronominis
940 1671 1168 1730 demonstrativi
1183 1693 1230 1728 εκο
1244 1672 1345 1750 ipsum
1358 1671 1435 1730 illud
1449 1679 1669 1730 monumentum

343 1775 530 1834 demonstrat
554 1773 738 1851 indicatque,
766 1775 797 1832 iu
824 1791 883 1850 quo
911 1774 1040 1850 scriptus
1067 1781 1127 1845 est,
1154 1781 1243 1850 atque
1265 1796 1311 1830 εκο
1333 1773 1527 1834 menifestum
1551 1781 1599 1832 est
1621 1771 1669 1830 ob-

340 1876 449 1936 iectum
462 1877 597 1936 eiusdem
613 1875 825 1936 enuntiationis
840 1874 938 1936 Oscae
953 1893 1032 1948 esse,
1050 1875 1136 1936 cuins
1151 1876 1317 1936 subiectum
1332 1876 1372 1934 sit
1385 1880 1420 1934 Α.
1435 1877 1668 1936 decennonii.

341 1977 408 2038 Iam
429 1997 499 2038 vero
520 1980 598 2038 hanc
620 1979 854 2038 enuntiationem
876 1978 1028 2037 continere
1055 1977 1186 2054 aliquam
1211 1977 1370 2038 dedicandi
1393 1978 1471 2037 sacri
1493 1977 1542 2037 vel
1568 1995 1667 2036 monu-

341 2081 434 2140 menti
454 2081 614 2140 formulam
636 2083 681 2140 eis
703 2100 750 2138 me
772 2079 860 2140 facile
883 2081 1079 2157 probaturum
1094 2098 1193 2159 spero,
1215 2080 1267 2156 qni
1289 2099 1350 2140 non
1369 2081 1519 2158 ignorant,
1542 2079 1575 2138 in
1596 2079 1670 2137 eius-

341 2180 424 2242 modi
451 2183 590 2242 formulis
615 2183 841 2261 inscriptionum
866 2181 1043 2242 Latinorum
1069 2191 1100 2242 et
1127 2180 1310 2242 Graecarum
1338 2181 1463 2242 verbnm
1488 2200 1559 2240 cnm
1586 2197 1670 2241 sensu

343 2285 443 2360 dandi,
466 2285 625 2345 dedicandi
646 2286 694 2344 vel
716 2285 913 2345 consecrandi
934 2286 1110 2362 saepissime
1132 2285 1277 2344 omissum
1299 2302 1379 2358 esse,
1400 2283 1444 2342 ita
1465 2292 1499 2342 nt
1519 2303 1563 2343 ex
1577 2285 1670 2342 animo

341 2387 506 2467 legentium
527 2388 727 2466 supplendam
749 2387 797 2450 sit.
834 2385 911 2446 Cum
933 2387 1105 2447 accusativo
1127 2387 1204 2464 sing.
1223 2393 1320 2446 nentr.
1343 2367 1529 2463 pronominis
1552 2385 1671 2446 demon-

343 2489 462 2548 strativi
483 2512 530 2547 εκο
553 2489 705 2548 artissimo
727 2508 834 2550 sensus
851 2489 971 2549 vinculo
993 2491 1169 2549 coniunctus
1190 2499 1238 2547 est
1258 2489 1447 2549 accusativus
1468 2488 1605 2548 eiusdem
1625 2506 1670 2565 ge·

341 2592 422 2652 neris
445 2615 498 2649 πιω
521 2610 576 2670 pro
593 2591 713 2668 pio(m)‚
734 2593 838 2652 eadem
861 2592 1000 2652 videlicet
1021 2592 1115 2670 stirpe
1137 2591 1283 2652 oriundus
1304 2599 1338 2651 ut
1358 2590 1427 2651 Lat
1445 2596 1539 2669 piam,
1564 2589 1669 2652 Sabell.

337 2697 407 2771 pio,
439 2693 514 2754 Oak.
532 2695 652 2770 pallet,
681 2683 910 2771 Umbrsspibotn
931 2695 992 2752 alia
1020 2693 1071 2770 (C.
1094 2693 1280 2753 KritBeitr.
1299 2714 1332 2771 p.
1350 2693 1411 2755 391
1426 2713 1469 2771 sq.
1506 2694 1633 2770 Amepr.
1645 2691 1670 2763 Ι,

343 2795 411 2854 342.
448 2797 499 2868 ΙΙ,
520 2797 580 2856 ind.
602 2797 699 2856 vocab.
722 2798 765 2854 ed.
781 2795 829 2872 2).
873 2795 1029 2856 Habemus
1056 2797 1149 2876 igitur
1170 2795 1228 2854 duo
1254 2796 1363 2855 obiecti
1391 2815 1480 2856 casus
1502 2819 1557 2854 πιω
1573 2827 1614 2838 -
1628 2815 1669 2850 ruo
1742 2873 1743 2878 η

220 2897 225 2910 ’
342 2923 379 2948 =
401 2897 509 2976 pinon)
531 2931 572 2942 -
594 2898 701 2974 elco(m)
729 2899 931 2977 dependentes
958 2900 996 2958 ab
1022 2898 1125 2975 aliquo
1147 2900 1238 2958 verbo
1260 2897 1344 2958 Osco
1372 2898 1479 2971 dandi,
1506 2895 1669 2964 dedicandi,
1742 2883 1743 2908 ¹

340 3000 550 3074 consecrandi,
572 3001 652 3078 quod
673 3003 874 3078 supplendum
894 2981 1022 3060 videtur.
1066 3001 1115 3060 Ex
1136 3021 1173 3060 eo
1193 3001 1336 3078 colligere
1357 3019 1534 3080 possumus,
1557 2999 1668 3059 litteras

340 3125 399 3160 aar.
422 3103 501 3162 inter
522 3103 709 3162 accusativos
732 3127 785 3161 mw
801 3113 832 3162 et
846 3125 893 3160 εκο
915 3103 1032 3182 positas
1054 3103 1205 3162 continere
1227 3103 1351 3181 stirpem
1368 3105 1449 3186 vocis
1465 3102 1577 3174 Oscae,
1599 3119 1670 3178 qnae

340 3215 371 3264 ct
396 3205 467 3282 ipsa
491 3205 549 3262 hoc
575 3205 643 3264 loco
664 3205 725 3264 vim
746 3207 913 3265 accusativi
933 3205 1053 3264 habeat.
1097 3203 1300 3282 Quamobrem
1322 3227 1381 3263 αισ.
1404 3213 1507 3264 notam
1529 3204 1670 3282 supplan·

340 3307 408 3366 dam
431 3307 573 3366 existimo
595 3307 688 3384 αισ<ο)
711 3309 916 3367 accusativum
938 3309 1016 3384 sing.
1038 3314 1135 3366 neutr.
1158 3315 1371 3388 congruentem
1397 3327 1466 3366 oum
1487 3329 1540 3364 πιω
1566 3315 1596 3365 et
1617 3327 1669 3371 rae,

339 3420 430 3486 atque
457 3409 546 3468 huius
574 3410 740 3469 accusativi
767 3428 890 3469 sensum
916 3410 1075 3470 enucleare
1102 3409 1199 3470 ausim
1227 3419 1403 3486 comparata
1423 3406 1580 3468 Sabellica
1604 3425 1669 3464 voce
1741 3457 1742 3460 ,

340 3514 420 3570 ciacc
443 3511 633 3584 sacrificium,
654 3510 799 3572 Umbrica
820 3531 909 3571 ecana
931 3511 1120 3584 sacrificium,
1136 3510 1251 3570 Volsca
1271 3515 1446 3584 mansuem,
1470 3510 1554 3571 Osca
1576 3514 1668 3569 Alter·

338 3617 399 3671 nim
421 3613 524 3690 oppidi
546 3614 676 3686 nomine,
701 3615 832 3674 Etrusca
852 3633 939 3674 octor
960 3615 1034 3672 deus
1062 3612 1118 3689 (C.
1144 3613 1270 3690 Anaspr.
1286 3613 1314 3686 I,
1334 3611 1414 3686 375,
1438 3614 1481 3672 ed.
1496 3613 1550 3690 2),
1579 3613 1621 3670 ita
1641 3621 1669 3668 ut

340 3713 435 3791 αισ(ο)
458 3717 680 3776 substantivum
702 3717 733 3775 in
756 3717 844 3776 titulo
864 3715 1015 3776 Dianensi
1036 3716 1185 3794 significet
1206 3733 1330 3776 socrant

423 3817 473 3875 Ad
495 3817 620 3878 subiecti
642 3837 731 3878 casus
746 3823 783 3876 A.
799 3825 922 3880 Λαπονις
937 3823 1026 3876 Οπιες
1046 3827 1076 3878 et
1096 3817 1206 3876 obiecti
1227 3835 1316 3876 casus
1338 3839 1391 3875 πιω
1414 3817 1510 3893 αι’(ο)
1535 3839 1583 3874 suc
1605 3835 1668 3892 sup·

339 3919 482 3998 plendum
503 3927 550 3980 cst
565 3919 678 3980 Oscum
698 3921 822 3980 verbum
844 3914 937 3988 δεδετ,
959 3921 1056 3980 deded
1093 3921 1200 3997 Itaque
1221 3919 1387 3979 enuntiatio
1402 3917 1540 3979 Lucana:
1564 3924 1601 3977 A.
1617 3923 1668 3974 ltn-

243 4025 248 4034 '
338 4044 416 4082 πονις
436 4017 565 4100 ΠακῘηις
580 4027 668 4084 Omen
689 4045 743 4079 πιω
765 4021 861 4099 αισ(ο)
876 4045 923 4080 εκο
942 4016 1053 4100 (debir)
1067 4021 1177 4081 Latine
1198 4022 1368 4082 enarranda
1390 4029 1449 4082 est:
1472 4021 1567 4080 Aulus
1583 4020 1667 4080 Lam·
1740 4025 1741 4028 ’

335 4128 444 4202 pontus
466 4123 566 4201 Paqui
580 4125 663 4200 filius
687 4125 902 4202 Oppinapium
923 4125 1112 4186 romanice
1134 4124 1251 4202 (dedit).

422 4225 498 4284 Post
518 4227 593 4286 haec
615 4227 707 4286 verba
727 4227 759 4286 in
781 4245 929 4286 marmore
950 4226 1099 4286 Dianensi
1125 4227 1238 4302 scripta
1263 4227 1395 4304 incip'cra
1419 4227 1546 4286 alteram
1567 4223 1665 4286 inscri-

338 4328 451 4404 ptionis
478 4329 728 4402 enuntiationem,
757 4329 821 4407 ipse
848 4329 978 4407 lapicida
1004 4348 1039 4388 eo
1064 4329 1215 4389 indicasse
1236 4329 1369 4402 videtur,
1395 4329 1478 4406 qnod
1505 4337 1576 4408 post
1603 4343 1667 4404 pro·

338 4449 448 4489 nomen
469 4453 516 4488 εκο
538 4432 637 4509 spatio
659 4432 831 4491 intermisso
854 4449 984 4508 sequens
1001 4433 1180 4491 vocabulum
1202 4431 1266 4490 cius
1281 4452 1301 4490 a
1314 4431 1437 4492 sinistra
1456 4441 1542 4510 parts
1562 4429 1666 4508 lapidis

339 4532 471 4592 scribere
493 4540 523 4592 et
544 4531 708 4594 maioribus
729 4534 799 4592 inde
820 4534 930 4593 litteris
954 4536 997 4592 uti
1020 4534 1128 4612 coepit.
1164 4534 1200 4594 ln
1222 4534 1278 4594 hac
1299 4535 1390 4612 igitur
1411 4534 1491 4593 tituli
1513 4539 1597 4612 parte
1611 4532 1666 4592 Στι-

338 4629 415 4714 ttoefc
440 4633 520 4694 idem
542 4643 590 4694 est
610 4655 719 4696 nomen
742 4635 823 4714 quod
845 4636 935 4696 etiam
957 4637 988 4694 in
1010 4637 1099 4696 titulo
1121 4636 1284 4714 sepulcrali
1300 4635 1437 4696 Cumano
1459 4635 1579 4714 legitur:
1602 4631 1665 4692 Sto·
1739 4649 1740 4655 ¹

343 4739 394 4794 ties
417 4734 504 4796 Sillae
527 4737 635 4796 Saloca
659 4763 695 4789 =
720 4739 834 4798 Statius
862 4739 955 4798 Silius
983 4737 1119 4810 Sulcius,
1145 4739 1196 4797 nbi
1222 4738 1330 4798 Saloca
1357 4757 1397 4796 ex
1425 4735 1528 4812 Saloe,
1555 4735 1665 4796 Saluiae

338 4848 437 4898 ortum
460 4857 527 4899 esse
550 4839 794 4899 demonstratio
816 4841 915 4899 vocali
936 4841 1014 4900 inter
1036 4851 1196 4918 sequentes
1216 4848 1417 4900 consonantes
1440 4839 1614 4918 interposita
1635 4845 1667 4894 ut

337 4941 368 4999 in
392 4943 721 5018 araqetad=or9ento
743 4942 791 5018 (Z.
808 4943 939 5020 fioerpl.
958 4941 1028 5020 Spr.
1046 4941 1087 5015 X,
1110 4943 1172 5002 325
1188 4963 1231 5020 eq.
1262 4943 1335 5015 XX,
1353 4945 1396 5003 97
1410 4962 1453 5019 aq.
1488 4939 1664 5020 luitpr-II,

339 5041 408 5114 388,
431 5043 472 5101 sd.
493 5042 537 5120 2).
580 5042 726 5102 Ultimam
753 5045 959 5122 inscriptionis
980 5063 1084 5104 vocem
1102 5039 1181 5124 fatte
1209 5063 1268 5104 non
1296 5045 1464 5104 mutilatam
1486 5063 1554 5105 ease
1573 5043 1661 5102 fracto

336 5143 439 5221 lapide
458 5144 505 5204 vel
520 5145 637 5206 detritis
652 5145 772 5220 litteris,
795 5165 831 5206 eo
852 5147 1045 5225 intellegitur,
1067 5146 1149 5224 quod
1171 5157 1241 5224 post
1261 5145 1393 5206 litteram
1414 5146 1533 5206 finalem
1554 5141 1663 5204 eiusin

337 5253 465 5323 utroque
485 5249 661 5328 apographo
675 5247 821 5308 Mandelli
835 5267 962 5308 vacnum
977 5257 1103 5328 apparet
1123 5247 1213 5308 unias
1233 5248 1351 5308 litterae
1374 5249 1515 5328 spatium,
1536 5248 1583 5308 ubi
1603 5243 1661 5303 nul·

337 5349 400 5408 lum
422 5349 589 5428 scripturae
611 5351 820 5411 detrimentum
843 5359 973 5411 notatur.
1018 5349 1094 5411 Cum
1115 5351 1208 5429 igitur
1224 5345 1303 5432 fase
1327 5377 1364 5404 =
1388 5353 1453 5412 cale
1474 5353 1586 5432 integra
1607 5363 1660 5406 vos
