3520 6006
335 491 405 564 138
764 509 1073 562 nonmnusuuvu
1090 509 1176 564 vor..
1195 511 1226 562 11

331 613 484 622 ——-—
896 613 1048 623 ——

331 688 431 760 operis
459 685 515 742 hoc
541 695 619 742 certe
645 685 835 762 permisisse,
861 695 894 743 ut
920 684 1129 743 aestimatione
1156 683 1256 741 oblatu
1281 684 1452 742 universum
1478 701 1584 760 agrum
1611 681 1662 740 do-

331 789 412 846 mino
427 787 517 846 etiam
532 786 645 845 nolenti
661 787 825 860 auferrent3
841 788 904 845 fere
921 796 954 845 ut
968 788 1106 866 Augusto
1121 786 1286 862 imperante
1299 795 1422 846 senatus
1437 787 1556 845 censuit
1570 785 1662 861 quod-

331 906 456 966 cumque
472 889 509 946 ad
523 907 619 966 aquae
633 889 753 948 ductum
769 888 962 948 reficiendum
978 905 1054 966 opus
1071 889 1110 948 sit
1123 909 1162 948 ex
1176 889 1258 967 agris
1274 889 1458 965 privatorum
1473 887 1665 947 aestimatum

332 992 408 1050 sumi
435 991 526 1050 licere
554 991 709 1066 (Frontin.
735 992 754 1050 l.
776 1011 799 1050 c.
828 1011 853 1049 c.
872 990 959 1067 125).
1004 991 1157 1050 Aedificiis
1185 999 1284 1050 tamen
1310 991 1341 1048 in
1367 991 1457 1050 ductu
1478 989 1664 1050 instituendo

331 1093 414 1170 parci
439 1093 490 1153 lex
515 1095 609 1166 iubet;
637 1095 775 1154 similiter
801 1102 925 1153 senatus
947 1094 1083 1152 consulto
1105 1113 1141 1152 eo
1163 1094 1244 1170 quod
1265 1094 1356 1152 refert
1375 1093 1539 1152 Frontinus
1561 1109 1588 1150 c.
1607 1091 1662 1149 127

330 1204 458 1272 utraque
479 1215 517 1254 ex
539 1206 622 1272 parte
645 1215 741 1274 aquae
764 1198 869 1256 ductus
889 1196 973 1272 quini
995 1197 1088 1274 pedes
1110 1197 1153 1254 ita
1166 1198 1254 1254 vacui
1273 1196 1401 1273 relinqui
1416 1195 1565 1266 iubentur,
1587 1203 1621 1251 ut
1634 1195 1665 1252 in

330 1298 368 1356 iis
390 1299 466 1357 locis
488 1299 611 1358 arbores
632 1299 775 1358 tollantur
796 1307 996 1376 praetereas,
1018 1317 1096 1375 quae
1113 1298 1191 1358 villis
1205 1299 1365 1356 conclusae
1380 1307 1490 1370 essent,
1513 1316 1570 1356 nec
1585 1296 1665 1354 dein·

332 1417 402 1477 ceps
418 1401 498 1460 ullae
512 1409 717 1476 conserantur,
737 1401 875 1460 aedificia
889 1401 972 1460 nulla
986 1419 1066 1462 nova
1080 1401 1162 1474 liant,
1179 1401 1233 1460 sed
1247 1410 1316 1460 ante
1330 1399 1412 1460 iacta
1424 1413 1608 1460 remaneant.
1625 1431 1665 1442 -

331 1501 431 1578 Caput
452 1503 488 1562 ds
510 1521 591 1580 aqua
612 1503 726 1564 caduca
747 1504 837 1580 plane
858 1504 997 1563 convenit
1018 1523 1084 1564 cum
1101 1501 1248 1562 Frontino
1264 1521 1288 1561 c.
1302 1503 1356 1562 94:
1380 1505 1462 1578 apud
1481 1514 1588 1564 ueteres

332 1609 420 1664 omnis
446 1625 525 1682 aqua
550 1609 581 1664 iu
606 1625 675 1664 usus
694 1607 827 1692 publicos
849 1607 1022 1684 amputatur
1043 1616 1069 1665 et
1091 1617 1203 1666 cauntm
1224 1609 1268 1664 ito
1281 1607 1357 1682 suit:
1381 1601 1424 1663 ‘ae
1444 1609 1509 1681 quis
1528 1609 1666 1682 priuatus

332 1709 420 1765 aliam
448 1707 577 1784 [aquom]
604 1709 704 1781 ducat,
731 1729 817 1786 quam
843 1729 917 1786 quoe
942 1729 975 1768 as
996 1709 1062 1768 meu
1083 1709 1195 1768 humum
1215 1702 1331 1766 occidit’
1353 1739 1392 1750 -
1415 1708 1485 1768 doec
1505 1711 1579 1768 mim
1600 1718 1669 1767 suot

331 1809 419 1869 uerbo
445 1809 516 1886 lepis
545 1843 584 1854 -—
612 1813 645 1869 id
670 1821 712 1870 est
736 1829 809 1890 quoe
835 1830 869 1870 tr
896 1812 961 1871 lacu
988 1811 1159 1871 abundauit:
1187 1830 1249 1870 cum
1273 1827 1326 1869 uos
1355 1811 1492 1869 caducum
1519 1829 1667 1869 vocamus.

330 1911 413 1971 Idem
436 1931 504 1972 cum
525 1913 617 1972 addat
638 1933 747 1990 aquam
769 1913 912 1972 caducam
934 1914 999 1974 dari
1022 1913 1142 1974 solitam
1164 1930 1233 1972 esse
1255 1912 1357 1972 autin
1379 1930 1466 1972 usum
1489 1913 1668 1972 balnearum

331 2015 578 2075 fullonicarumve
596 2017 739 2093 imposito
754 2016 895 2093 vectigali
910 2023 962 2076 aut
976 2017 1007 2074 in
1029 2017 1135 2076 domos
1157 2015 1325 2092 principum
1347 2014 1478 2076 civitatis
1499 2015 1669 2074 conceden-

331 2119 412 2176 tibus
434 2118 572 2195 reliquia,
594 2118 683 2178 etiam
705 2119 736 2177 iu
759 2120 833 2178 urbe
856 2117 893 2177 de
914 2137 951 2179 ea
973 2136 1054 2196 aqua
1075 2125 1197 2178 senatus
1219 2136 1275 2194 pro
1296 2137 1328 2176 re
1348 2117 1515 2178 decrevisse
1536 2117 1669 2187 ridetur,

332 2229 365 2280 ut
391 2219 478 2280 modo
506 2229 628 2298 propter
654 2221 803 2297 publicam
826 2221 984 2282 utilitatem
1010 2222 1122 2300 petenti
1151 2220 1286 2292 daretur,
1312 2220 1402 2280 modo
1429 2221 1551 2280 honoris
1572 2237 1671 2279 causa

330 2322 482 2400 primariis
503 2323 578 2382 viris
600 2323 819 2383 concederetur.

193 2444 319 2510 campe.
416 2425 443 2484 8.
483 2424 529 2483 Ad
551 2425 709 2502 pecuniam
731 2426 880 2504 publicam
901 2426 1074 2504 reditusque
1096 2426 1234 2504 publicos
1256 2425 1510 2486 administrandas
1531 2425 1562 2485 in
1581 2426 1669 2486 hisce

210 2520 301 2606 curtae
332 2527 443 2586 tabulis
465 2545 543 2603 quae
566 2535 701 2605 spectant
722 2547 783 2587 non
805 2529 909 2600 mults,
929 2547 968 2587 ea
989 2529 1047 2588 boo
1068 2528 1135 2588 loco
1157 2531 1391 2606 composuimus.

154 2636 157 2642 '
196 2593 319 2716 fflgff
416 2625 524 2705 Capite
541 2628 643 2690 XOVI
671 2630 777 2690 duorir
806 2632 926 2690 iubetur
952 2631 990 2690 ad
1016 2631 1194 2691 decuriones
1221 2633 1318 2710 primo
1340 2650 1461 2709 quoque
1483 2631 1531 2689 die
1552 2631 1670 2690 referre

202 2755 251 2804 que
264 2757 311 2806 pu·
333 2730 370 2789 de
396 2731 520 2804 iudicio,
548 2733 630 2809 quod
655 2734 745 2792 alicui
767 2753 806 2792 ex
827 2733 1039 2793 decurionibus
1061 2733 1097 2792 de
1119 2734 1246 2812 pecunia
1266 2733 1387 2810 publica
1407 2734 1537 2794 multare
1558 2735 1590 2792 in
1612 2755 1671 2811 pu-

194 2814 320 2865 blieorum
333 2833 442 2892 blicum
465 2834 627 2913 redigenda
647 2835 753 2894 locove
776 2836 898 2912 publico
920 2835 1135 2896 instituendum
1158 2854 1225 2895 esse
1245 2837 1391 2896 rideatur.

417 2933 523 3014 Capite
537 2935 708 2997 CXXXIV
723 2957 825 2998 eorum
848 2957 925 3016 quse
946 2938 1090 2998 habemus
1112 2947 1248 2998 extremo
1268 2957 1364 3016 eoque
1377 2938 1551 3018 imperfecto
1566 2937 1605 2998 de
1619 2957 1670 3012 eo,

332 3039 384 3116 qui
410 3039 524 3099 civitati
551 3041 695 3100 bonorem
721 3041 851 3118 aliquem
879 3041 1035 3100 habiturus
1060 3041 1101 3099 sit
1123 3058 1270 3102 munusve
1295 3041 1346 3100 det
1373 3041 1586 3118 polliceaturve
1609 3051 1673 3102 sta·
1741 3055 1745 3066 '

332 3149 452 3202 tuamve
473 3142 606 3220 aliquam
628 3143 700 3201 dare
721 3163 870 3221 ponereve
891 3144 1074 3220 promiserit,
1097 3150 1229 3216 cavetur,
1251 3163 1289 3203 ne
1311 3143 1350 3202 ob
1372 3161 1438 3203 eam
1459 3163 1522 3204 rem
1540 3146 1674 3222 pecunia

332 3245 454 3320 publica
474 3244 592 3304 aliudve
613 3244 719 3324 quid¹)
741 3247 769 3304 ei
788 3246 875 3304 detur
889 3245 1023 3306 donetur.
1056 3246 1161 3322 ltaque
1177 3247 1230 3324 qui
1243 3245 1430 3322 largitionem
1446 3247 1580 3323 aliquam
1595 3248 1674 3306 civi-

332 3347 390 3407 bus
411 3348 544 3407 facturus
567 3355 622 3420 est,
644 3347 814 3408 universam
837 3366 892 3408 suo
915 3359 1036 3426 sumptu
1049 3347 1185 3426 perficiat
1198 3365 1321 3408 necesse
1335 3355 1383 3408 est
1396 3367 1493 3426 neque
1506 3349 1672 3426 quicquam

332 3451 364 3509 in
386 3469 452 3509 eam
473 3469 536 3510 rem
558 3451 705 3510 aerarium
727 3451 904 3510 contribuat.
949 3449 1125 3530 Comparari
1146 3460 1247 3529 potest
1268 3449 1348 3528 quod
1370 3450 1486 3510 Paulus
1508 3451 1671 3529 scribit²):

332 3551 492 3612 ciuitatibus
519 3551 611 3630 lepori
634 3563 729 3630 potest
753 3557 837 3612 etium
861 3553 939 3631 quod
963 3553 1004 3612 od
1029 3553 1161 3614 tenorem
1182 3565 1367 3630 amatumque
1387 3557 1511 3614 civitatis
1528 3558 1673 3632 pertinet.-

333 3655 374 3715 od
394 3665 524 3714 meatum
541 3665 615 3732 puto
636 3657 714 3732 quod
733 3657 775 3715 od
793 3657 990 3716 instruendum
1003 3656 1105 3731 sorum
1126 3657 1264 3716 theatrum
1284 3655 1409 3715 stodiam
1424 3655 1547 3734 lepatum
1558 3659 1672 3734 Jirertt:

332 3759 373 3816 od
398 3759 529 3818 bonorem
546 3769 620 3835 puto
641 3759 718 3836 quod
738 3759 779 3818 od
797 3777 899 3819 munus
921 3759 1060 3818 edendum
1079 3763 1285 3818 vmatiouernoe
1307 3758 1390 3817 ludos
1412 3761 1557 3818 scaenicos
1584 3758 1670 3818 ludos

332 3865 469 3922 circenses
494 3861 622 3920 relictum
636 3863 730 3936 fiterit
750 3870 803 3919 aut
822 3864 901 3938 quod
919 3863 960 3920 ad
981 3863 1146 3921 diuisionem
1166 3861 1345 3936 simpulorum
1365 3864 1467 3920 ciuium
1487 3861 1533 3920 uel
1553 3863 1671 3939 epulum

332 3963 460 4022 relictum
474 3965 576 4038 suerit.
613 3965 665 4022 ltoc
687 3964 812 4040 amplius
833 3967 913 4041 quod
932 3970 962 4022 iu
984 3965 1119 4024 alimenta
1139 3964 1269 4040 infirmae
1287 3966 1399 4035 mistis,
1418 3973 1493 4039 puto
1507 3965 1669 4022 senioribus

332 4065 378 4126 uel
393 4069 495 4142 pueris
512 4067 686 4143 puellisque,
707 4067 836 4128 relietum
851 4069 954 4141 suerit,
976 4069 1017 4126 ud
1030 4067 1161 4126 bonorem
1176 4069 1299 4125 ciuitatis
1310 4069 1456 4143 pertinere
1470 4068 1667 4143 respondetur.

333 4165 439 4246 Neque
466 4167 534 4246 ipsa
558 4185 607 4226 res
635 4167 728 4228 dubia
752 4179 808 4228 est.
852 4169 1015 4228 Ambitiosa
1042 4170 1155 4229 decreta
1182 4171 1378 4240 decurionum,
1399 4163 1588 4245 Ulpianus³)
1614 4170 1667 4240 ait,

333 4271 460 4330 rescindi
480 4271 593 4330 debent:
612 4273 734 4347 proinde
754 4281 787 4330 ut
806 4272 907 4343 soleat,
928 4276 986 4332 siue
1006 4271 1130 4348 aliquem
1151 4270 1302 4330 debitorem
1322 4269 1480 4330 dimiserint
1493 4273 1554 4330 sios
1567 4269 1670 4347 torpidi

272 4449 276 4458 ,
333 4383 402 4432 suut
425 4376 485 4432 siue
510 4373 683 4433 decreverint
707 4375 741 4432 de
759 4373 873 4450 publico
895 4374 984 4432 alictii
1004 4375 1050 4432 uel
1067 4373 1194 4450 praedio
1214 4375 1260 4432 ael
1280 4373 1364 4432 aedes
1382 4373 1428 4432 uel
1448 4383 1554 4432 certam
1574 4392 1668 4450 quon·

333 4480 453 4547 titutum,
479 4475 554 4534 uitii
579 4476 684 4534 valebit
709 4477 846 4534 eiusmodi
873 4477 1020 4535 decretum.
1065 4475 1126 4537 Sed
1152 4475 1342 4534 ambitiosum
1370 4474 1521 4534 decretum
1544 4483 1666 4535 netum

333 4579 452 4655 quidem
474 4579 572 4637 ratum
595 4595 672 4650 esse,
695 4597 762 4636 cum
783 4579 972 4657 largitionem
994 4577 1217 4655 quodammodo
1238 4585 1453 4650 remuneretur,
1476 4587 1510 4636 ut
1523 4597 1584 4638 non
1604 4597 1666 4638 am·

333 4682 417 4758 bigui
437 4682 511 4740 iuris
534 4687 590 4755 est,
613 4681 664 4754 ita,
687 4679 769 4757 quod
791 4681 893 4754 sciam,
915 4680 985 4740 alibi
1007 4699 1067 4740 non
1089 4689 1134 4740 eat
1155 4687 1305 4740 testatum.

387 4991 433 5092 ¹¹)
462 5031 525 5090 Aut,
545 5028 568 5078 si
587 5028 669 5093 magis
687 5027 779 5093 placet,
800 5023 857 5089 o[ut
872 5043 921 5096 pro
941 5026 982 5092 ea]
1003 5025 1076 5094 quid;
1097 5027 1186 5080 tabula
1204 5027 1274 5078 enim
1293 5027 1343 5078 boc
1362 5027 1419 5078 loeo
1438 5021 1503 5078 hiat.

408 5117 433 5183 ²)
460 5121 523 5186 Dig.
537 5121 582 5183 30,
598 5121 650 5170 122
664 5135 703 5186 pr.

409 5211 434 5276 Ι)
460 5212 523 5280 Dig.
537 5213 583 5277 50,
597 5215 623 5276 9,
638 5215 666 5264 4.
