3520 6006
527 659 702 710 6611661..
723 659 952 710 auuamvaa.
1335 635 1404 704 121

94 835 218 894 Ceterum
246 834 367 893 tabulae
393 833 489 909 prima
516 843 545 892 et
572 833 703 892 secunda
730 831 914 909 quadratarii
940 830 1083 888 incuriam
1106 828 1224 905 quidem
1247 845 1408 906 perpessae

93 949 150 998 suut
174 917 422 1012 inveniunlurque
449 935 525 994 adeo
552 935 699 993 formulae
720 934 866 1012 quaedam
887 952 941 1009 per
962 933 1130 990 universam
1153 931 1248 1007 legem
1272 929 1409 988 similiter

93 1049 243 1116 corruptae.
277 1040 325 1098 Ita
345 1039 504 1098 notissima
525 1037 577 1096 illa
598 1055 675 1128 6666
697 1047 743 1096 661
762 1041 900 1114 peccuniae
921 1040 986 1112 quei
1006 1034 1080 1093 volet
1095 1037 1194 1111 petitio
1217 1044 1273 1092 erto
1296 1034 1408 1091 omisso

93 1143 266 1218 orantique
292 1141 507 1200 consuetudine
533 1141 709 1218 pronomine
737 1139 971 1198 demonstrativo
981 1137 1009 1213 ¹)
1037 1137 1068 1196 in
1094 1137 1152 1195 hac
1177 1137 1244 1212 lege
1264 1144 1408 1212 perpetuo

93 1245 128 1302 sic
146 1244 265 1302 affertur
286 1248 423 1320 pecuniae
446 1248 491 1302 cui
512 1244 585 1302 colet
600 1247 700 1320 petitio
723 1253 790 1314 esto,
813 1241 893 1318 quod
915 1239 1021 1299 Latine
1044 1240 1102 1298 diei
1126 1258 1184 1296 non
1207 1246 1315 1314 potest.
1352 1236 1409 1294 Pa-

92 1348 152 1404 riter
172 1347 296 1422 antiqua
317 1347 427 1404 locutio
448 1351 474 1404 ic
497 1350 563 1404 cuia
584 1365 630 1404 rea
653 1355 694 1403 eet
714 1345 865 1404 invenitur
886 1351 1027 1420 corrupta
1044 1341 1073 1413 2,
1092 1341 1140 1414 16,
1155 1345 1253 1417 seriae
1268 1340 1409 1398 denicalce

91 1450 129 1507 bis
150 1449 190 1523 (2,
207 1448 256 1507 23.
274 1449 327 1525 34)
351 1457 481 1506 16616166
503 1449 533 1506 16
556 1448 698 1506 6611166161
721 1449 822 1506 666616
845 1463 935 1523 quas:
959 1455 989 1503 et
1010 1445 1082 1502 alibi
1104 1461 1233 1519 quoque,
1259 1452 1293 1500 ut
1313 1444 1343 1511 4,
1358 1441 1409 1512 20,

92 1551 223 1610 eiusmodi
251 1550 583 1608 16116616611616116166
606 1551 735 1626 scriptor
755 1549 816 1607 n'on
838 1549 1003 1608 intellectas
1026 1566 1148 1624 pessum
1172 1546 1261 1604 dedit.
1305 1541 1409 1602 Nihilo

91 1655 174 1712 minus
198 1655 256 1711 hae
282 1653 402 1711 tabulae
428 1653 505 1710 6666
532 1671 592 1710 666
621 1651 775 1711 6611161661
802 1651 1063 1726 interpolationem
1092 1667 1158 1708 eam
1187 1667 1264 1726 quae
1290 1646 1408 1704 tertiam
1427 1649 1546 1714 Interpo-

91 1755 194 1814 6116166
222 1755 329 1832 opinor
356 1764 489 1832 tempore
517 1763 671 1814 exaratam
703 1753 790 1813 foede
819 1754 959 1829 corrupit.
1009 1753 1043 1812 In
1079 1772 1114 1810 ea
1142 1751 1257 1810 scilicet
1284 1749 1408 1826 passim,
1418 1725 1563 1852 tamum

92 1857 134 1914 ubi
155 1858 309 1916 enuntiata
330 1868 508 1934 separantur
529 1858 692 1916 interiectis
714 1857 1010 1916 determinationibus
1033 1855 1163 1914 sermoni
1185 1853 1318 1930 legitimo
1341 1871 1409 1928 pro·

90 1959 166 2034 61116,
192 1961 286 2018 rerba
314 1979 369 2019 suo
397 1960 465 2018 loco
493 1959 594 2037 posita
625 1959 723 2018 alieno
751 1959 830 2018 male
855 1966 1030 2036 repetuntur
1058 1957 1119 2032 (ita
1146 1955 1179 2028 6,
1202 1955 1250 2014 20.
1280 1955 1309 2027 7,
1331 1955 1359 2012 7.
1382 1953 1411 2012 9.

90 2061 113 2130 8,
127 2061 186 2136 85).
231 2061 333 2120 Etiam
356 2063 478 2140 gravius
499 2073 556 2134 est,
578 2062 658 2138 quod
679 2061 789 2140 legitur
811 2061 839 2134 7,
857 2061 889 2120 61
913 2065 964 2138 qui
981 2058 1228 2136 prouinc(iarum)
1250 2058 1412 2133 Hispania-

89 2163 167 2239 r(ua)
193 2165 355 2223 ulter-iorem
377 2165 516 2224 Baeticae
538 2169 653 2240 praeiit
677 2165 822 2234 obtinebit3
848 2183 916 2221 nam
944 2182 1010 2222 cum
1037 2181 1102 2220 eam
1130 2160 1314 2240 provinciam
1338 2157 1412 2218 Cae·

89 2267 156 2324 saris
177 2274 278 2324 aetate
301 2267 450 2326 ulterioris
473 2285 581 2326 nomen
603 2267 735 2344 gessisse
757 2273 874 2324 constet
895 2283 949 2324 uec
963 2265 1104 2324 Baeticae
1123 2283 1230 2322 nomen
1246 2261 1413 2338 reperiatur

90 2381 147 2426 ante
166 2369 366 2445 imperatores
382 2368 507 2428 Flavius
530 2368 722 2446 (Marquardt
742 2367 1017 2443 Stacteoercoaltunp
1035 2369 1062 2438 l,
1081 2365 1164 2441 105),
1186 2365 1337 2424 611666161
1360 2382 1412 2440 66-

90 2479 162 2545 66161
187 2472 218 2529 16
247 2471 315 2548 1666
334 2471 401 2548 lege
423 2473 567 2548 scriptum
590 2471 685 2530 luisse
711 2475 762 2547 qui
782 2473 994 2547 provinciarum
1017 2470 1229 2544 Hispaniarum
1250 2467 1414 2526 ulteriorem

90 2573 226 2644 obtinebit,
249 2573 342 2632 verba
362 2583 462 2632 autem
486 2575 623 2634 Baeticae
641 2577 756 2650 praerit
776 2573 813 2632 de
834 2574 880 2632 sui
901 2573 1045 2648 temporis
1068 2590 1126 2632 usu
1148 2570 1264 2629 adiecto
1285 2585 1352 2628 esse
1374 2569 1412 2625 ab

90 2675 304 2753 interpolatore.
337 2675 488 2752 ‘Denique
515 2676 619 2734 eodem
642 2675 758 2734 videtur
784 2675 969 2734 referendum
997 2691 1079 2748 esse,
1107 2673 1184 2750 quod
1211 2672 1353 2731 iudicium
1376 2670 1413 2728 66

91 2779 206 2851 6666616
229 2788 313 2836 certa
332 2779 497 2836 commissa
517 2779 548 2837 in
570 2777 680 2837 tabulis

91 2879 194 2939 duabus
221 2881 373 2958 prioribus
401 2881 458 2938 hae
485 2881 583 2939 forma
611 2880 730 2938 effertur
764 2881 795 2940 in
821 2881 1002 2939 1611161616
1028 2879 1140 2955 septies
1162 2877 1206 2935 616
1227 2885 1274 2935 661
1295 2876 1347 2952 (6,
1364 2874 1413 2935 26.

92 2990 187 3056 quater
209 2983 320 3058 (1,17.
339 2981 388 3042 25.
412 2982 441 3055 3,
458 2982 506 3040 21.
531 2982 645 3058 5‚19):
766 2983 815 3042 45.
839 2983 867 3053 7,
884 2981 932 3042 29.
951 2983 999 3040 37.
1017 2983 1066 3040 50.
1090 2981 1118 3054 8,
1134 2981 1181 3038 13.
1198 2977 1268 3056 21);

125 3104 248 3180 eiusque
262 3103 406 3180 pecuniae
426 3104 472 3161 cui
493 3101 586 3178 [immo
602 3103 665 3180 qui]
682 3121 731 3160 1ο·
807 3105 933 3180 6166666
958 3101 1103 3179 66666166
1130 3101 1177 3158 661
1204 3119 1307 3158 eorum
1335 3099 1421 3158 volet

126 3204 292 3282 1616611116
315 3206 544 3282 persecutioque
566 3215 640 3263 6616.
807 3205 1028 3282 recuperatorio
1058 3203 1168 3262 iudicio
1191 3211 1262 3278 aput
1283 3201 1412 3260 11111616

809 3307 997 3384 [interregem
1017 3310 1071 3365 iae.
1089 3304 1117 3377 7,
1131 3305 1414 3382 50]61661661611116

809 3409 886 3467 66116
913 3407 1019 3484 6611116
1046 3409 1271 3485 persecutioque
1297 3425 1336 3466 ex
1358 3407 1415 3464 hac

808 3511 876 3590 lege
897 3499 945 3569 ius
968 3520 1162 3589 potestasque
1185 3519 1260 3568 esto.

128 3645 183 3688 cote
201 3638 242 3688 cui
260 3638 309 3688 iao.
329 3636 503 3698 colonlorum)
524 3636 579 3686 eius
594 3634 732 3697 col(oniae)
810 3649 899 3684 eorum
919 3651 964 3683 om.
986 3635 1015 3695 6,
1030 3633 1065 3684 46
1087 3628 1091 3702 Ι
1117 3647 1167 3698 666
1186 3649 1232 3683 om.
1253 3633 1283 3694 6,
1299 3633 1333 3682 28
1356 3625 1359 3698 l
1382 3646 1414 3680 ex

129 3731 152 3790 3,
167 3733 200 3780 21
224 3724 228 3796 Ι
249 3729 443 3794 persecutioque
462 3745 508 3778 oca.
530 3729 555 3790 8,
571 3729 613 3778 21.
809 3743 855 3776 om.
876 3727 901 3788 6,
917 3728 960 3776 43.
982 3725 1057 3789 8,13
1080 3720 1083 3794 (
1105 3741 1154 3791 666
1173 3741 1219 3775 om.
1241 3727 1265 3788 7,
1280 3726 1324 3776 31.

93 3851 221 3926 Quarum
247 3857 373 3914 duarum
400 3853 594 3912 formularum
617 3852 746 3929 priorem
769 3863 799 3911 et
823 3851 891 3923 lex,
916 3871 1005 3928 quam
1032 3851 1154 3910 huiusce
1177 3851 1264 3928 quasi
1290 3857 1415 3908 matrem

92 3975 153 4015 esse
179 3957 322 4029 vidimus,
350 3957 431 4015 Iulia
458 3956 573 4014 scilicet
599 3957 718 4032 agraria
744 3954 901 4014 confirmat
927 3964 956 4012 61
983 3971 1081 4012 sermo
1108 3953 1259 4029 ratioque,
1291 3953 1415 4011 alteram

92 4069 184 4116 autem
212 4079 246 4118 ne
268 4059 408 4118 Latinam
436 4059 555 4134 quidem
584 4077 651 4118 esse
674 4057 770 4133 661116
792 4056 954 4133 intellegit,
982 4065 1015 4115 61
1042 4057 1090 4114 1116
1112 4075 1231 4133 666666
1254 4055 1415 4132 deprehen-

93 4160 172 4218 datur
198 4161 387 4239 interpolatio
415 4161 522 4220 aetatis
549 4159 733 4235 posterioris.
757 4191 796 4202 —
823 4158 930 4236 116666
955 4178 1020 4217 6661
1044 4159 1098 4216 has
1121 4157 1240 4216 tabulas
1263 4158 1416 4234 aliquanto

94 4271 156 4336 6661
177 4262 337 4322 0666616111
360 4263 534 4321 616161616111
557 4263 587 4320 16
610 4276 678 4320 6616
700 4261 811 4320 incisas
832 4278 901 4319 esse
924 4269 1048 4330 constet,
1074 4269 1232 4338 postquam
1256 4261 1417 4336 imperator

94 4361 293 4440 Vespasianus
315 4365 483 4443 Hispaniae
510 4365 637 4442 oppida,
665 4384 740 4441 6666
767 4363 889 4439 quidem
915 4363 1013 4421 adhuc
1037 4363 1187 4439 peregrini
1208 4363 1282 4420 iuris
1305 4369 1416 4433 essent,
1517 4398 1522 4408 -

94 4462 175 4522 Latio
196 4467 326 4534 donavit,
347 4467 488 4526 Baeticae
510 4475 589 4525 66116
610 4467 783 4544 6161166166
804 4468 946 4525 66116166
966 4465 1077 4543 oppida
1095 4483 1164 4524 suas
1179 4465 1318 4541 quodque
1333 4463 1417 4541 leges

96 4569 206 4640 publice
232 4589 397 4648 proponere
424 4570 510 4627 iussa
530 4569 669 4628 11666161
693 4587 774 4640 6666,
802 4569 959 4627 61666616
982 4581 1115 4643 16166616
1137 4575 1167 4624 61
1187 4567 1270 4644 leges
1293 4565 1418 4624 Flaviae

96 4668 199 4729 incisae
227 4673 285 4730 sint
313 4669 479 4750 Salpensae
507 4681 537 4729 et
566 4671 700 4729 Malacae
727 4680 756 4728 et
782 4671 854 4730 haec
880 4669 1023 4730 Caesaris
1052 4669 1206 4728 dictatoris
1233 4671 1319 4728 iussu
1347 4667 1418 4725 6616

97 4773 224 4831 66166166
244 4773 407 4834 Genetivae
431 4775 476 4833 rel
501 4774 601 4850 potius
623 4775 710 4832 huius
734 4773 853 4832 tabulae
874 4773 972 4851 prima
994 4772 1194 4849 secundaque.
1230 4771 1309 4832 Nam
1332 4769 1419 4828 tertia

101 4938 293 4950 *nn—...-

168 5061 192 5122 ι)
220 5063 325 5116 Sincera
342 5065 427 5114 forma
444 5065 571 5129 reperitur
589 5063 615 5112 in
636 5063 691 5126 lege
710 5063 824 5112 Bantins
842 5079 866 5112 1.
882 5063 906 5125 9,
927 5063 1127 5128 repetundarum
1144 5077 1169 5110 1.
1186 5060 1228 5122 18,
1249 5060 1316 5111 Iulia
1335 5059 1417 5108 muni-

100 5151 168 5215 cipali
187 5169 211 5203 r.
226 5157 266 5206 19.
280 5158 323 5208 97.
341 5155 561 5219 101116141,
581 5157 649 5206 Iulia
667 5157 768 5220 6616116
786 5157 840 5206 6116
859 5155 987 5218 Mamilia,
1008 5155 1079 5205 alibi.
1117 5155 1193 5206 Dixit
1212 5153 1244 5203 66
1264 5168 1295 5203 66
1312 5151 1420 5216 Madvig

99 5259 199 5307 1161661.
218 5248 269 5298 Lat.
290 5265 312 5299 c.
327 5249 390 5299 321.

1172 5337 1189 5396 9
