3520 6006
353 756 547 834 distinguitur
567 757 605 816 ab
627 777 705 816 anno
727 759 881 836 petitionis
904 759 1011 835 ipsius.
1027 791 1069 824 -,-
1091 757 1239 819 Convivia
1253 759 1373 835 publica
1387 761 1430 818 ita
1445 759 1593 835 prohibita
1605 777 1671 832 esse,
1749 755 1750 822 Ξ

351 867 385 918 ut
406 859 565 919 candidato
588 879 641 936 per
663 861 693 919 id
715 868 833 938 tempus
856 861 959 920 liceret
980 863 1011 920 in
1035 862 1172 939 singulos
1195 862 1259 920 dies
1275 861 1411 921 homines
1427 861 1582 921 dumtaxat
1595 881 1671 920 nore·

351 979 407 1021 nos
429 963 468 1021 ad
489 981 594 1022 cenam
609 981 726 1036 vocare,
748 964 800 1040 qui
822 983 965 1024 numerus
987 965 1084 1023 iustus
1105 971 1152 1023 est
1167 964 1298 1024 convivii
1313 965 1469 1041 privati¹)‚
1491 964 1588 1024 adhuc
1601 965 1672 1043 igno·

349 1065 506 1138 rabamus3
534 1073 653 1124 cautum
680 1073 779 1124 autem
806 1066 849 1125 ita
875 1084 943 1126 6666
970 1067 1088 1126 videtur
1114 1077 1186 1146 post
1213 1065 1390 1127 Ciceronem
1416 1067 1587 1137 consulem,
1614 1085 1673 1124 nam
1749 1081 1750 1138 ζ

350 1187 417 1226 666
439 1168 466 1226 16
482 1167 639 1228 Murenam
661 1167 803 1240 defendit,
825 1168 946 1244 publiea
967 1169 1088 1246 quidem
1111 1169 1252 1230 convivia
1273 1171 1425 1246 prohibita
1439 1178 1534 1242 erant,
1558 1170 1607 1230 sed
1620 1169 1673 1228 lici·

352 1278 447 1329 torum
471 1271 661 1330 convivarum
684 1278 782 1330 certus
805 1289 946 1330 numerus
968 1273 1099 1332 nondum
1122 1271 1314 1349 6611611661).
1749 1265 1750 1344 J

221 1383 332 1434 Duoviri
429 1373 632 1452 Magistratus
659 1375 690 1433 in
718 1373 836 1436 colonia
861 1375 1039 1433 creabantur
1064 1375 1182 1434 duoviri
1207 1383 1236 1434 et
1258 1375 1389 1447 aediles3
1415 1384 1591 1451 quaestores
1611 1373 1674 1433 nulli

350 1475 542 1536 inveniuntur
568 1453 683 1553 luitque
710 1477 831 1536 colonia
851 1479 929 1536 inter
950 1496 1002 1536 666
1025 1494 1073 1536 res
1095 1477 1247 1555 publicas,
1274 1478 1326 1538 ubi
1346 1474 1517 1554 ‘quaestura
1538 1478 1612 1536 inter
1630 1477 1674 1534 ho·

351 1597 440 1638 nores
468 1599 529 1638 non
552 1579 727 1653 habebatur,
756 1580 809 1639 666
831 1597 938 1639 munus
960 1579 1121 1656 personale
1143 1575 1216 1639 erat'
1228 1580 1268 1657 ³).
1291 1614 1329 1624 -
1359 1579 1428 1639 Duo
1450 1580 1507 1637 riri
1535 1579 1618 1654 (nam
1639 1579 1674 1635 sie
1749 1563 1750 1656 l

350 1683 429 1740 nude
452 1683 643 1742 nominantur
664 1683 796 1759 semper)
819 1701 967 1758 quaenam
989 1683 1057 1740 iura
1076 1683 1242 1756 habuerint,
1264 1682 1373 1760 partim
1388 1701 1427 1742 ex
1443 1683 1482 1741 iis
1495 1680 1675 1758 intellegitur,

352 1801 429 1860 quae
452 1784 582 1844 diximus
605 1785 642 1844 de
663 1785 790 1844 decretis
812 1784 1005 1844 decurionum
1012 1806 1021 1857 ;
1043 1785 1157 1844 nullum
1180 1785 1259 1845 enim
1277 1785 1342 1844 fieri
1356 1785 1454 1862 potuit
1467 1783 1525 1844 nisi
1541 1784 1675 1843 referente

352 1887 519 1960 duumviro,
542 1889 654 1964 quique
676 1907 714 1946 ex
737 1887 929 1947 decurionum
952 1887 1070 1976 decreto
1092 1887 1204 1947 fiebant
1225 1887 1362 1966 magistri
1384 1887 1522 1946 fanorum
1543 1895 1574 1944 et
1587 1885 1675 1962 legati,

350 1989 372 2046 ii
399 1991 519 2049 iubente
546 1991 650 2049 ordine
679 1990 766 2048 electi
793 1999 864 2048 sunt
889 2007 909 2047 a
930 1991 1075 2050 duoviris.
1119 1989 1675 2068 16666666666661661616666166-
1749 2039 1750 2064 ,

349 2091 422 2148 fecti
444 2092 631 2168 relinquendi
653 2091 731 2151 inira
752 2091 794 2169 (p.
814 2091 888 2169 146)
911 2091 1092 2166 videbimus,
1116 2103 1149 2152 nt
1170 2111 1264 2169 supra
1285 2093 1328 2171 (p.
1347 2091 1419 2170 126)
1440 2091 1573 2152 vidimus
1593 2088 1676 2148 16661

351 2193 447 2253 fnisse
469 2195 591 2254 armatis
615 2213 703 2272 quem
726 2195 818 2254 vellet
838 2194 1040 2272 praeficiendi.
1076 2195 1176 2254 Etiam
1199 2195 1390 2272 vectigalium
1413 2203 1443 2254 et
1464 2194 1542 2253 ultra
1565 2193 1676 2252 tributo-

351 2314 417 2353 rum
434 2297 614 2357 locationem
637 2297 863 2356 conductionem
885 2307 918 2356 ut
932 2296 1047 2386 Romae
1069 2297 1108 2356 ad
1130 2315 1295 2370 censorem,
1318 2299 1361 2356 ita
1381 2297 1412 2356 in
1433 2297 1490 2355 bac
1510 2295 1629 2356 colonia
1646 2292 1676 2351 ad

351 2397 494 2459 duoviros
522 2400 702 2476 pertinuisse
727 2399 796 2458 inde
823 2399 987 2477 colligitur,
1014 2399 1096 2476 quod
1117 2399 1148 2458 hi
1169 2400 1206 2458 de
1227 2400 1295 2459 loeo
1317 2399 1436 2476 publico
1459 2417 1478 2456 a
1499 2399 1678 2476 redemptore

351 2503 488 2578 mancipe
513 2503 624 2580 praede
653 2493 764 2562 donum
793 2503 927 2578 accipere
949 2510 1087 2561 vetantur
1108 2502 1152 2580 (p.
1171 2501 1254 2580 199).
1297 2503 1460 2561 Praeterea
1482 2501 1508 2559 si
1532 2501 1616 2560 cuius
1636 2498 1676 2556 de·
1749 2495 1750 2500 ’

351 2605 483 2664 curionis
507 2605 709 2665 sacerdotisvc
731 2623 840 2664 nomen
862 2603 898 2662 de
922 2605 1031 2664 tabulis
1053 2603 1182 2682 publicis
1205 2605 1396 2664 eximendum
1418 2611 1474 2676 est,
1499 2603 1635 2662 eximunt
1652 2599 1678 2658 id
1749 2599 1750 2605 ’

352 2707 471 2766 dooviri
487 2707 530 2784 (l,
547 2708 588 2784 5).
604 2739 645 2752 -—
667 2709 709 2765 At
730 2708 863 2766 omnium
885 2708 1014 2768 maxime
1036 2708 1193 2766 duovirum
1215 2713 1350 2788 potestas
1372 2709 1543 2765 continetur
1564 2703 1678 2780 imperio
1749 2775 1750 2786 ἵ

351 2809 488 2882 militiae,
515 2808 595 2869 domi
622 2819 722 2868 autem
747 2810 874 2882 iudicio,
902 2827 1028 2886 quorum
1057 2830 1094 2869 ne
1122 2809 1196 2868 illud
1223 2810 1344 2886 quidem
1367 2809 1500 2867 duoviris
1522 2808 1613 2886 plane
1636 2805 1679 2863 de·

350 2911 444 2970 fuisse
469 2911 520 2970 lex
545 2912 674 2990 primum
698 2913 773 2971 haee
802 2913 918 2986 aperuit
944 2912 985 2988 (v.
1009 2931 1038 2988 p.
1057 2910 1139 2988 126).
1183 2909 1244 2972 Sed
1268 2912 1306 2974 de
1326 2929 1362 2971 eo
1385 2929 1451 2970 cum
1474 2928 1568 2988 supra
1590 2918 1678 2967 aetum

352 3015 402 3086 sit,
424 3012 571 3073 hocloco
593 3022 707 3073 restant
727 3013 839 3072 iudicia
860 3013 896 3072 66
918 3014 1027 3090 quibus
1050 3013 1214 3074 videamus.

210 3124 339 3174 Indicium
435 3115 617 3176 Iudiciorum
639 3117 697 3176 duo
719 3133 830 3192 genera
850 3135 890 3176 ex
912 3117 968 3176 hac
989 3117 1055 3192 lege
1077 3135 1096 3174 a
1117 3116 1241 3174 duoviro
1263 3123 1441 3175 exercentur
1456 3116 1575 3192 privata
1590 3127 1619 3174 et
1632 3131 1679 3188 pu-

211 3199 339 3322 Τῖὲῑῐῐιῖξζ·
352 3219 440 3278 blica.
458 3253 496 3264 -
518 3219 644 3278 Privata
665 3237 869 3295 quaecumque
891 3219 1083 3278 inveniuntur
1105 3225 1241 3295 spectant
1261 3219 1301 3276 ad
1322 3218 1434 3276 multas
1456 3217 1594 3276 coloniae
1608 3234 1678 3274 com·

211 3348 248 3396 ,01
260 3321 463 3411 pubfl.missas
484 3321 706 3398 recuperatorio
727 3320 838 3378 iudicio
861 3321 1039 3397 exigendas3
1063 3340 1131 3380 nam
1147 3339 1329 3396 quamquam
1344 3321 1602 3396 recuperatorium
1617 3335 1678 3378 esse

254 3435 299 3470 ⁰⁸⁰
351 3423 495 3482 iudicium
522 3442 583 3482 non
609 3423 737 3482 adicitur
762 3423 821 3482 nisi
847 3424 878 3482 in
905 3423 1008 3484 tabula
1034 3425 1123 3484 tertia
1146 3423 1221 3482 locis
1244 3423 1366 3481 omnino
1388 3421 1577 3499 interpolatis
1605 3419 1679 3496 (ride

351 3545 380 3602 p.
401 3525 473 3601 121)
497 3526 530 3596 6,
547 3523 596 3584 27.
612 3525 661 3583 46.
687 3525 714 3595 7,
731 3524 780 3584 29.
798 3525 847 3584 37.
864 3526 913 3584 50.
937 3527 972 3598 8,
991 3526 1037 3584 13.
1055 3525 1110 3597 32,
1138 3525 1175 3583 66
1196 3527 1265 3602 ipsa
1286 3543 1318 3582 re
1341 3525 1585 3600 interpolatorem
1608 3529 1679 3579 recte

351 3627 462 3686 referre
486 3626 614 3687 dubitari
636 3645 696 3686 non
716 3635 826 3705 potest,
848 3647 903 3686 nec
924 3629 1019 3705 magis
1039 3629 1162 3688 dubium
1182 3635 1227 3686 est
1249 3626 1396 3686 similibus
1418 3625 1540 3685 iudiciis
1562 3632 1679 3683 exactas

352 3749 417 3789 csse
444 3730 576 3789 eiusdem
604 3729 722 3806 generis
751 3729 859 3789 multas
887 3749 964 3806 quae
991 3737 1262 3790 commemorantur
1287 3747 1396 3806 genere
1421 3728 1527 3788 iudicii
1553 3746 1614 3787 non
1634 3725 1678 3783 de·

351 3833 437 3892 finito
453 3832 496 3908 (1,
515 3833 562 3890 17.
580 3831 628 3891 25.
653 3834 680 3905 3,
697 3831 747 3890 21.
771 3831 880 3909 5,19).
916 3832 966 3892 Ad
989 3851 1039 3893 eas
1061 3849 1170 3892 causas
1192 3832 1264 3890 item
1285 3831 1436 3908 pertinent
1456 3849 1535 3908 qnae
1554 3849 1579 3889 c.
1595 3825 1679 3888 XCV

354 3937 382 4007 1,
398 3933 518 4006 32-3,
535 3933 553 3992 2
577 3934 613 4020 66
634 3935 847 4011 reciperatorio
863 3934 971 3993 iudicio
986 3936 1017 3994 in
1033 3935 1204 3994 universum
1220 3941 1372 3992 caventur.
1408 3933 1489 3992 Nam
1503 3948 1679 4010 quamquam

351 4038 383 4096 in
408 4037 467 4097 fine
489 4037 600 4115 legitur
622 4031 862 4114 666616166666
884 4040 992 4098 iudicas
1015 4037 1116 4097 delecti
1142 4037 1191 4112 (iu
1213 4037 1317 4096 tabula
1337 4042 1384 4095 est
1404 4034 1511 4111 relicti)
1534 4053 1622 4111 neque
1641 4049 1678 4090 re

352 4143 522 4216 ciperatores
544 4144 574 4199 in
596 4159 657 4201 cunr
677 4159 736 4200 reor
757 4141 820 4200 dati
841 4151 945 4211 esseut,
972 4157 1048 4216 quae
1069 4139 1253 4216 praecedunt
1274 4139 1376 4198 omnia
1396 4137 1435 4196 ad
1457 4137 1540 4198 solos
1561 4153 1679 4212 recupe-

430 4508 453 4573 ¹)
480 4511 513 4561 V.
530 4511 624 4574 l9sq.:
647 4506 686 4559 Ne
705 4544 730 4558 ..
749 4509 889 4559 conuiuium
907 4507 996 4558 boleto
1074 4506 1266 4576 praeterquod
1283 4507 1337 4574 iprae
1356 4503 1513 4557 laadidutas
1525 4505 1619 4574 pett'tcr

352 4603 452 4653 vocarit
475 4601 532 4651 dum
557 4599 640 4664 [tutat
664 4599 702 4664 ia]
723 4599 777 4650 dies
796 4601 910 4667 61666166
927 4599 1069 4662 Moericum)
1088 4598 1180 4651 V1111.
1218 4600 1278 4650 Non
1298 4607 1367 4650 recte
1386 4599 1418 4648 da
1438 4599 1504 4650 bora
1517 4598 1594 4650 VIIII
1612 4597 1677 4658 eogi-

352 4697 416 4744 tavit
433 4695 571 4760 Berlanga.
609 4691 1099 4758 1666666666Ρ6661611616.1,3106
1124 4691 1169 4744 der
1191 4689 1320 4754 Umatuud,
1341 4689 1400 4754 dass
1419 4689 1465 4740 der
1484 4683 1678 4757 (866166Πίεώ

353 4785 439 4836 eberiso
463 4788 511 4836 wie
535 4785 584 4836 666
602 4783 750 4849 Esarimmer
773 4785 909 4835 triclinium
933 4783 1021 4851 lthrt,
1046 4784 1108 4850 16161
1126 4783 1261 4846 erkenueu,
1287 4782 1346 4848 dosa
1363 4781 1429 4833 6666
1448 4782 1497 4832 dos
1516 4777 1620 4832 zemma
1638 4794 1677 4826 ur·

353 4877 499 4946 aprr'inqlt'cd
517 4895 566 4928 aar
576 4877 626 4944 scir
644 4893 709 4928 naun
730 4876 807 4930 Gdatc
826 4875 954 4929 dereclact
972 4877 1025 4928 666
1043 4876 1111 4928 disse
1132 4875 1202 4928 Zatt
1218 4875 1259 4926 als
1277 4875 1377 4927 normal
1394 4873 1532 4926 tenaciter
1547 4869 1637 4923 werde.

430 4987 453 5050 ²)
481 4990 550 5040 Nam
575 4997 678 5040 senatus
698 4989 843 5039 consultum
862 4988 889 5037 id
907 4989 939 5037 de
959 5004 1010 5054 quo
1030 4988 1086 5038 dixi
1105 5001 1227 5038 enarrans
1246 4985 1338 5037 Cicero
1358 4987 1395 5036 ait
1413 5001 1461 5051 pro
1480 4986 1548 5036 Mur.
1568 4981 1613 5042 35,
1630 4979 1676 5030 73:

352 5098 409 5132 uum
422 5081 533 5144 (6666166
544 5083 636 5133 crim
646 5081 730 5149 putat)
750 5081 829 5132 locum
848 5079 884 5130 66
901 5077 1061 5147 spectandum
1081 5077 1143 5130 dure
1162 5077 1262 5129 autad
1273 5077 1413 5147 prandium
1431 5077 1558 5129 tenuaret
1574 5073 1675 5133 616666,
1749 5141 1750 5162 ¹

352 5173 398 5225 ssd
413 5164 514 5242 ‘culpo’.
553 5171 622 5233 Quid
640 5181 678 5225 est
695 5173 788 5241 vulpot
807 5174 944 5224 universos.
1749 5195 1750 5252 p

428 5284 453 5349 ²)
480 5285 600 5352 111650,
615 5287 640 5350 4,
657 5285 699 5349 18,
715 5287 739 5336 2.
777 5285 933 5351 blarquardt
952 5281 1115 5334 Stuotroerw.
1132 5285 1156 5346 1,
1171 5283 1234 5335 492.
