3504 6004
394 669 698 722 oasaavamouas
724 669 1001 722 ameasrnroas
1019 670 1111 720 xvn.
1336 651 1408 721 251

109 861 163 899 oum
176 839 341 920 Sapaeisl),
363 843 395 901 id
409 861 591 920 quamquam
610 845 719 904 mirum
733 853 789 916 est,
811 851 910 904 tamen
932 845 995 902 lieri
1017 851 1126 922 potest,
1149 853 1181 902 ut
1201 861 1325 921 regnum
1347 843 1412 904 uni·

106 963 194 1004 versae
207 944 349 1004 Thraciae
368 957 508 1022 coeptum
525 965 651 1024 arogno
667 946 857 1024 Odrysarum
878 965 965 1026 reges
988 947 1127 1008 habuerit
1147 946 1250 1024 stirpis
1266 945 1410 1024 Sapaeae,

104 1048 199 1124 regiam
218 1067 280 1106 eam
302 1067 379 1125 quae
400 1050 458 1107 fuit
479 1058 568 1108 antea
589 1051 741 1110 Asturum.

174 1151 203 1220 l·
237 1147 351 1248 Cotys
372 1171 453 1248 genti
474 1171 604 1249 praefuit
625 1181 655 1230 et
677 1192 703 1230 a.
721 1170 780 1231 697
790 1169 820 1248 ²)
841 1179 872 1230 et
893 1189 953 1248 quo
975 1180 1110 1249 tempore
1131 1168 1245 1230 Caesar
1265 1171 1298 1230 in
1313 1170 1411 1230 Thes-

104 1272 165 1331 salia
184 1273 340 1332 debellavit
361 1291 386 1330 a
404 1273 481 1346 7063
509 1293 578 1334 nam
599 1274 746 1352 Pompeio
776 1274 891 1333 auxilia
917 1275 1041 1332 miserat
1063 1271 1158 1350 Cotys
1182 1273 1329 1333 Thraciae
1354 1291 1411 1332 rex

103 1374 181 1433 tilium
195 1372 331 1434 Sadalam
352 1395 420 1434 cum
442 1377 592 1453 equitibus
615 1376 837 1455 quingentisl),
859 1376 975 1454 fuitque
991 1374 1103 1436 Sadala
1123 1377 1201 1436 inter
1215 1395 1276 1451 eos,
1301 1376 1411 1455 quibus

101 1489 158 1554 post
177 1478 324 1537 victoriam
348 1477 463 1539 Caesar
483 1479 647 1556 ignovit⁴).

169 1582 199 1652 2.
235 1579 408 1676 Sadala⁵)
434 1600 535 1677 paullo
561 1613 632 1678 post
657 1601 735 1680 patri
758 1601 941 1661 successisse
964 1601 1096 1673 videtur;
1126 1601 1200 1660 obiit
1221 1609 1320 1660 autem
1342 1617 1366 1659 o.
1383 1618 1411 1660 a.

102 1700 150 1760 tlt
160 1711 229 1762 teste
236 1702 334 1762 Dione
343 1701 384 1778 6),
401 1703 452 1780 qui
468 1703 552 1762 addit
566 1723 634 1764 eum
650 1705 893 1781 stirpemnullam
904 1711 975 1782 post
989 1723 1022 1763 se
1036 1703 1194 1780 reliquisse
1210 1712 1241 1762 et
1254 1713 1413 1782 propterca

103 1813 260 1864 testamento
298 1823 424 1883 regnum
461 1804 580 1885 legasse
612 1807 772 1879 Romanis,
810 1806 899 1883 idque
937 1824 1102 1883 occupasse
1134 1806 1176 1864 M.
1209 1805 1336 1865 Brutum
1376 1824 1413 1864 eo

100 1907 154 1983 ipso
179 1917 306 1986 tempore
331 1910 362 1967 in
384 1907 545 1968 Thraciam
568 1911 784 1970 advenientem.
828 1907 958 1968 Div'erse
979 1909 1139 1986 Appianus
1160 1908 1411 1968 Polemocratiam

100 2009 133 2066 ait
155 2029 271 2070 uxorem
299 2011 455 2070 cuiusdam
481 2031 519 2070 ex
541 2013 652 2090 regulis
675 2013 838 2085 Thraciae,
867 2013 951 2072 cuius
973 2031 1083 2072 nomen
1112 2021 1214 2072 auctor
1235 2031 1295 2072 non
1317 2013 1412 2090 ponit,

99 2129 173 2170 caeso
192 2115 297 2173 marito
318 2114 382 2172 filio
403 2114 509 2173 infanti
532 2115 685 2174 etiamtum
707 2123 885 2196 metuentem
908 2135 975 2173 eum
998 2116 1137 2175 attulisse
1162 2134 1222 2174 una
1247 2134 1315 2174 cum
1336 2133 1413 2194 gaza

98 2215 169 2292 regia
187 2215 225 2272 ad
247 2215 388 2290 Brutum3
411 2217 536 2276 Brutum
559 2218 653 2276 filium
671 2217 774 2294 Cyzici
796 2217 978 2295 seposuisse,
1002 2218 1096 2278 donee
1116 2217 1148 2278 in
1168 2235 1293 2294 regnum
1314 2225 1412 2295 pater·

98 2335 157 2374 num
182 2318 279 2378 reduci
305 2331 423 2397 posset,
452 2321 609 2380 thesauros
636 2329 734 2380 autem
762 2323 793 2379 in
821 2339 909 2380 suum
938 2320 1034 2396 ipsius
1063 2338 1151 2380 usum
1178 2318 1412 2397 convertissel).

98 2415 218 2496 Utraque
240 2423 370 2480 narratio
388 2421 414 2480 si
430 2441 501 2480 vera
522 2433 569 2482 est
590 2432 620 2482 et
640 2425 822 2501 incorrupta,
843 2422 1083 2482 Polemocratiae
1101 2423 1226 2482 meritus
1246 2431 1276 2481 et
1292 2420 1413 2495 Sedala,

97 2537 262 2600 quamquam
282 2543 338 2582 rex
361 2524 511 2584 Thraciae
532 2535 658 2602 uterque
678 2526 734 2584 suit
756 2525 921 2602 codemque
942 2525 1004 2584 fere
1026 2535 1160 2603 tempore
1181 2534 1305 2602 uterque
1327 2524 1412 2596 obiit,

97 2621 195 2682 diversi
220 2625 329 2684 fuerint
355 2645 478 2686 necesse
505 2637 565 2700 est;
593 2648 661 2687 nam
688 2629 740 2686 ille
767 2627 841 2687 obiit
868 2627 933 2687 sine
959 2628 1063 2688 liberis
1086 2617 1219 2704 (ἅπαις),
1248 2628 1297 2698 hio
1317 2627 1412 2686 tilium

96 2723 224 2786 infantem
250 2729 382 2806 reliquit.
436 2731 477 2788 At
507 2731 592 2790 adest
617 2731 722 2790 titulus
752 2745 821 2790 ante
847 2730 902 2789 hos
924 2730 1030 2808 viginti
1057 2748 1153 2790 annos
1176 2750 1194 2790 a
1214 2727 1413 2806 Rangabio⁸)

97 2827 193 2902 editus,
215 2831 268 2890 sed
289 2832 387 2891 adhuc
409 2833 489 2910 quod
512 2833 604 2892 seiam
627 2853 646 2892 a
667 2834 742 2893 viris
764 2833 859 2892 doctis
882 2831 1035 2909 neglectus
1057 2833 1119 2892 hic:

97 2964 287 2978 -—.-—-.

162 3041 184 3103 ¹)
210 3043 294 3109 Cotyn
313 3061 385 3106 eum,
410 3047 454 3112 qui
472 3047 549 3112 periit
568 3063 589 3097 c.
603 3062 627 3097 a.
643 3049 676 3098 19
695 3063 721 3112 p.
734 3045 809 3109 Cha,
830 3047 925 3100 Strabo
942 3049 984 3108 12,
999 3048 1024 3110 3,
1041 3049 1074 3098 29
1094 3064 1119 3114 p.
1136 3047 1189 3098 556
1208 3047 1338 3112 Sapaanm
1363 3047 1412 3096 ait:

97 3121 166 3182 Κίτοι
181 3132 215 3200 τῷ
233 3132 347 3200 Eunaia.
379 3139 449 3189 Fieri
465 3147 562 3204 potest,
582 3147 610 3189 ut
629 3147 718 3190 auctor
737 3141 869 3204 scripserit
886 3127 966 3191 Κίτνι
985 3127 1020 3202 τίρΙ
1039 3128 1162 3202 aetite,
1188 3139 1234 3190 scd
1253 3139 1411 3189 coniunctio-

96 3241 146 3276 nem
163 3229 249 3294 regiae
268 3231 355 3296 stirpis
374 3232 534 3298 Sapaeorum
553 3248 611 3283 cum
630 3233 711 3298 ipsius
725 3231 853 3283 Thraciae
872 3233 974 3298 regibus
994 3239 1079 3283 teretur
1097 3249 1192 3284 nomen
1207 3231 1409 3298 Rhescuporidis

74 3319 198 3385 utrisque
217 3339 361 3374 commuue.

161 3410 185 3474 ²)
210 3415 301 3466 Cicero
320 3417 347 3466 in
366 3417 420 3468 Pis.
435 3417 478 3480 34,
493 3419 536 3468 84.
564 3418 644 3468 Anno
664 3424 749 3469 autem
770 3418 822 3470 679
837 3419 936 3472 Sedala
953 3433 1008 3482 rex,
1028 3425 1103 3484 pater
1122 3417 1241 3469 videlicet
1254 3417 1352 3484 Cotyis,
1372 3433 1412 3470 re·

97 3504 183 3566 girabat
201 3507 304 3568 (Cicero
317 3510 394 3560 Verr.
413 3511 431 3560 l.
446 3511 471 3572 1,
486 3512 529 3573 24,
544 3509 598 3572 63).

162 3595 185 3660 ⁸)
210 3600 307 3652 Caesar
324 3603 351 3652 b.
370 3619 392 3652 c.
407 3604 432 3665 3,
447 3605 473 3653 4.
487 3603 530 3653 36.
567 3603 665 3654 Lucan.
679 3605 705 3666 4,
721 3604 765 3654 54.
802 3603 856 3654 Dio
876 3605 920 3666 41,
937 3603 980 3654 51.

161 3687 185 3753 ⁴)
209 3693 264 3744 Dio
283 3697 328 3757 41,
345 3695 388 3746 63.

161 3781 184 3847 ⁵)
210 3787 352 3838 Nummum
365 3789 493 3838 Mionueti
512 3789 540 3842 S.
555 3791 580 3851 2,
596 3789 658 3852 555,
673 3789 716 3852 37,
737 3789 765 3838 15
783 3803 834 3854 quo
852 3789 937 3854 legere
957 3788 1007 3838 sibi
1021 3789 1090 3838 visus
1110 3794 1149 3838 est
1161 3788 1287 3842 Sestinius
1306 3787 1412 3838 nomina

97 3871 182 3939 Cotyos
201 3887 226 3929 et
237 3880 350 3932 Sedalae
372 3896 461 3946 regum
471 3881 598 3931 Thraciae
619 3881 763 3944 coniuncta,
784 3897 843 3932 vere
862 3896 918 3932 esse
938 3881 1028 3948 oppidi
1046 3881 1188 3947 Hispaniae
1206 3881 1291 3946 Iptuci
1314 3881 1415 3932 monuit

95 3963 275 4023 Friedlaeader.

160 4061 393 4128 omnm

159 4153 183 4218 ⁷)
207 4159 346 4223 Appianas
363 4159 389 4207 b.
410 4175 431 4208 c.
451 4160 475 4220 4,
497 4159 545 4209 75:
571 4149 695 4226 olysipona
714 4154 742 4208 61
765 4151 828 4222 αὐτῷ
853 4158 903 4222 (Μ.
924 4157 1021 4222 Bruto)
1047 4144 1154 4224 στριιτίν
1172 4151 1208 4206 ἔτι
1232 4155 1273 4208 καί
1291 4147 1414 4230 χρήματα

96 4244 210 4319 canuxia
222 4239 334 4316 Θρςίκιος
346 4240 431 4299 τοιαῖο
449 4246 552 4316 γίνεται.
575 4247 773 4320 Πολεμοκρατία
785 4241 844 4320 ρννηΙ
854 4268 920 4308 τινος
932 4249 977 4301 adv
990 4243 1150 4312 βασιλίσκων
1163 4241 1338 4316 ἀναιρεθέντος
1350 4246 1414 4322 αὐτῇ

94 4335 131 4388 τοῦ
146 4333 232 4409 ἁνδρίς
251 4333 408 4413 ίοτῚχθρῶν
422 4337 532 4398 δείσασα
544 4341 599 4410 περὶ
618 4342 652 4408 τῷ
669 4337 742 4393 παιδὶ
756 4339 792 4394 ἔτι
807 4333 858 4394 ίντι
870 4339 961 4407 παιδίῳ
975 4331 1031 4407 ἧκον
1044 4331 1118 4393 sivla
1131 4339 1243 4413 ψίρονσα
1261 4336 1303 4393 καὶ
1317 4337 1414 4414 ἔνοχοί-

95 4445 140 4496 ρισι
158 4423 272 4502 Βροιίτιρ,
300 4431 441 4505 1νιχιίριαι
460 4431 489 4484 dl
507 4433 547 4485 καί
565 4426 623 4493 totle
645 4434 690 4486 τοῢΙ
714 4425 803 4506 ἀνδρίς
820 4423 973 4506 θηοαυροιίς.
1013 4423 1026 4484 ί
1046 4432 1073 4484 dl
1090 4423 1133 4484 τίν
1152 4431 1195 4502 μὶν
1213 4431 1293 4484 παῖδα
1309 4435 1415 4501 Κνζικη·

95 4527 136 4580 ιοῖς
152 4517 295 4596 ιίνιιτρίψειν
313 4523 448 4594 παρέδωκε,
469 4525 550 4599 μίχρι
569 4525 728 4600 σχολάσειεν
748 4527 786 4578 151
804 4517 848 4592 τὴν
866 4525 1003 4592 βασιλείαν
1021 4531 1175 4596 καταγαγεῖν,
1202 4525 1225 4577 ἓν
1245 4523 1273 4578 dl
1293 4531 1346 4585 τοϊς
1364 4527 1414 4591 θη-

95 4622 186 4684 σαυροῖς
204 4608 258 4688 εὗρε
275 4609 419 4687 ιιιιριίδοξον
437 4616 550 4691 χρυσίου
568 4638 594 4669 τε
613 4619 715 4684 πλῆθος
733 4621 774 4671 καί
793 4611 909 4691 ἀργίρον,
931 4613 1063 4672 καὶτοῦτο
1084 4617 1127 4688 plu
1140 4616 1224 4670 ἔκοπτι
1243 4613 1286 4671 καὶ
1305 4607 1415 4690 νίμιτμα

94 4703 171 4759 tastu.
202 4713 329 4764 Nummos
349 4730 382 4764 ex
400 4729 465 4780 gata
483 4714 526 4763 ills
546 4715 616 4780 regia
635 4731 710 4765 cusos
729 4729 773 4765 eos
793 4729 860 4777 esse,
884 4716 912 4764 in
932 4715 1023 4780 quibus
1042 4730 1137 4764 nomen
1157 4717 1259 4762 xoeos
1280 4721 1306 4765 et
1324 4729 1414 4765 mono·

93 4816 199 4864 mamma
218 4811 253 4852 La
266 4809 386 4870 cernitur,
406 4807 544 4857 Eckhehus
558 4809 668 4858 coniecit
678 4809 704 4869 6,
718 4809 751 4858 23
772 4808 945 4873 adsensusque
958 4823 1015 4858 sum
1029 4823 1077 4874 ego
1096 4809 1123 4858 in
1135 4808 1202 4858 libro
1222 4808 1254 4858 de
1273 4821 1301 4858 ro
1320 4813 1415 4858 monet.

94 4908 114 4957 p.
127 4897 189 4960 693,
213 4900 241 4949 15
266 4915 297 4950 55
322 4907 390 4950 certe
415 4915 518 4963 emaus,
545 4901 615 4966 quod
638 4901 724 4950 mariti
747 4916 843 4951 nomen
867 4901 899 4950 ab
918 4902 1043 4967 Appiano
1067 4915 1121 4952 non
1144 4901 1304 4952 enuntiatam
1323 4887 1415 4950 Κίτιον

93 4985 162 5040 inisse
179 4993 262 5056 posui.

160 5079 183 5147 ⁸)
208 5081 351 5152 Antiquitas
368 5083 532 5152 Helle'niques
551 5088 567 5136 2
586 5102 612 5151 p.
627 5087 680 5136 784
699 5101 725 5136 n.
742 5086 820 5136 1236.
858 5085 983 5136 Eiusdem
1003 5086 1072 5136 tituli
1098 5087 1160 5136 dum
1183 5085 1248 5137 haec
1271 5085 1356 5137 scribo
1380 5084 1414 5134 ad

94 5187 129 5222 me
145 5178 228 5228 attulit
245 5177 443 5229 Mordtmannus
467 5180 576 5228 alterum
596 5179 758 5244 exemplum,
785 5177 831 5228 sed
850 5186 997 5244 corruptum
1023 5185 1049 5228 et
1073 5179 1111 5230 ita
1134 5179 1221 5242 hians,
1246 5187 1276 5228 ut
1300 5178 1414 5244 lapidem

93 5277 185 5333 interim
204 5284 348 5336 diffraetum
368 5301 424 5336 esse
443 5294 575 5352 appareat.
624 5288 706 5338 Varia
725 5286 801 5336 lectio
821 5287 885 5335 haec
904 5291 955 5336 est:
979 5288 992 5335 1
1013 5286 1057 5335 fin.
1077 5285 1212 5328 ΑἱΑΔΑΛΑ
1232 5283 1311 5334 deest.
1332 5307 1365 5318 -
1400 5276 1416 5326 ἵ

94 5374 357 5426 inclamatione
377 5379 479 5430 omissis
498 5379 613 5445 reliquis.
646 5407 679 5416 -
720 5367 875 5442 aroana]
898 5381 960 5424 son

1147 5463 1209 5524 17*
