<?xml version="1.0" encoding="UTF-8"?>
<!DOCTYPE html PUBLIC "-//W3C//DTD XHTML 1.0 Transitional//EN"
    "http://www.w3.org/TR/xhtml1/DTD/xhtml1-transitional.dtd">
<html xmlns="http://www.w3.org/1999/xhtml" xml:lang="en" lang="en">
 <head>
  <title>
</title>
<meta http-equiv="Content-Type" content="text/html;charset=utf-8" />
  <meta name='ocr-system' content='tesseract 3.04.00' />
  <meta name='ocr-capabilities' content='ocr_page ocr_carea ocr_par ocr_line ocrx_word'/>
</head>
<body>
  <div class='ocr_page' id='page_1' title='image "./ephemerisepigra09instgoog_0264.png"; bbox 0 0 3504 6004; ppageno 0'>
   <div class='ocr_carea' id='block_1_1' title="bbox 398 617 1441 692">
    <p class='ocr_par' dir='ltr' id='par_1_1' title="bbox 398 617 1441 692">
     <span class='ocr_line' id='line_1_1' title="bbox 398 617 1441 692; baseline -0.004 0"><span class='ocrx_word' id='word_1_1' title='bbox 398 639 699 692; x_wconf 80' lang='lat' dir='ltr'><strong>OBSERVATIONES</strong></span> <span class='ocrx_word' id='word_1_2' title='bbox 726 639 1003 692; x_wconf 83' lang='lat' dir='ltr'><strong>EPIGRAPHICAE</strong></span> <span class='ocrx_word' id='word_1_3' title='bbox 1020 637 1112 688; x_wconf 82' lang='lat' dir='ltr'>XVII.</span> <span class='ocrx_word' id='word_1_4' title='bbox 1339 617 1412 690; x_wconf 70' lang='lat'><strong>253</strong></span> <span class='ocrx_word' id='word_1_5' title='bbox 1435 637 1441 642; x_wconf 86' lang='lat'>&#39;</span> 
     </span>
    </p>
   </div>
   <div class='ocr_carea' id='block_1_2' title="bbox 99 811 1415 2123">
    <p class='ocr_par' dir='ltr' id='par_1_2' title="bbox 99 811 1415 2123">
     <span class='ocr_line' id='line_1_2' title="bbox 105 811 1414 892; baseline -0.004 -15"><span class='ocrx_word' id='word_1_6' title='bbox 105 819 144 878; x_wconf 91' lang='lat' dir='ltr'><strong>sio</strong></span> <span class='ocrx_word' id='word_1_7' title='bbox 163 836 179 875; x_wconf 89' lang='lat' dir='ltr'><strong>a</strong></span> <span class='ocrx_word' id='word_1_8' title='bbox 199 817 358 876; x_wconf 87' lang='lat' dir='ltr'><strong>victoribus</strong></span> <span class='ocrx_word' id='word_1_9' title='bbox 379 815 563 892; x_wconf 87' lang='lat' dir='ltr'><strong>impetravit,</strong></span> <span class='ocrx_word' id='word_1_10' title='bbox 594 825 626 873; x_wconf 89' lang='lat' dir='ltr'><strong>ut</strong></span> <span class='ocrx_word' id='word_1_11' title='bbox 646 813 731 873; x_wconf 84' lang='lat' dir='ltr'><strong>fratri</strong></span> <span class='ocrx_word' id='word_1_12' title='bbox 758 812 979 890; x_wconf 80' lang='lat' dir='ltr'><strong>parceretur1).</strong></span> <span class='ocrx_word' id='word_1_13' title='bbox 1024 811 1160 890; x_wconf 77' lang='lat' dir='ltr'><strong>Sapaeos</strong></span> <span class='ocrx_word' id='word_1_14' title='bbox 1183 812 1272 872; x_wconf 89' lang='lat' dir='ltr'><strong>hosce</strong></span> <span class='ocrx_word' id='word_1_15' title='bbox 1294 813 1414 890; x_wconf 88' lang='lat' dir='ltr'><strong>regulos</strong></span> 
     </span>
     <span class='ocr_line' id='line_1_3' title="bbox 104 915 1415 994; baseline -0.003 -16"><span class='ocrx_word' id='word_1_16' title='bbox 104 921 207 978; x_wconf 87' lang='lat' dir='ltr'><strong>omnino</strong></span> <span class='ocrx_word' id='word_1_17' title='bbox 231 919 350 978; x_wconf 85' lang='lat' dir='ltr'><strong>differre</strong></span> <span class='ocrx_word' id='word_1_18' title='bbox 376 918 563 976; x_wconf 87' lang='lat' dir='ltr'><strong>aThracise</strong></span> <span class='ocrx_word' id='word_1_19' title='bbox 590 917 710 994; x_wconf 90' lang='lat' dir='ltr'><strong>regibus</strong></span> <span class='ocrx_word' id='word_1_20' title='bbox 743 917 795 992; x_wconf 87' lang='lat' dir='ltr'><strong>qui</strong></span> <span class='ocrx_word' id='word_1_21' title='bbox 821 916 959 974; x_wconf 87' lang='lat' dir='ltr'><strong>dicuntur</strong></span> <span class='ocrx_word' id='word_1_22' title='bbox 991 933 1058 974; x_wconf 87' lang='lat' dir='ltr'><strong>cum</strong></span> <span class='ocrx_word' id='word_1_23' title='bbox 1087 915 1156 974; x_wconf 88' lang='lat' dir='ltr'><strong>inde</strong></span> <span class='ocrx_word' id='word_1_24' title='bbox 1183 923 1308 992; x_wconf 86' lang='lat' dir='ltr'><strong>apparet</strong></span> <span class='ocrx_word' id='word_1_25' title='bbox 1334 915 1415 992; x_wconf 90' lang='lat' dir='ltr'><strong>quod</strong></span> 
     </span>
     <span class='ocr_line' id='line_1_4' title="bbox 103 1019 1414 1096; baseline -0.002 -16"><span class='ocrx_word' id='word_1_26' title='bbox 103 1025 128 1080; x_wconf 89' lang='lat' dir='ltr'><strong>in</strong></span> <span class='ocrx_word' id='word_1_27' title='bbox 147 1023 217 1082; x_wconf 86' lang='lat' dir='ltr'><strong>bello</strong></span> <span class='ocrx_word' id='word_1_28' title='bbox 238 1023 313 1080; x_wconf 89' lang='lat' dir='ltr'><strong>iuter</strong></span> <span class='ocrx_word' id='word_1_29' title='bbox 329 1020 489 1081; x_wconf 88' lang='lat' dir='ltr'><strong>Caesarem</strong></span> <span class='ocrx_word' id='word_1_30' title='bbox 505 1029 535 1079; x_wconf 93' lang='lat' dir='ltr'><strong>et</strong></span> <span class='ocrx_word' id='word_1_31' title='bbox 549 1019 728 1096; x_wconf 87' lang='lat' dir='ltr'><strong>Pompeium</strong></span> <span class='ocrx_word' id='word_1_32' title='bbox 751 1027 887 1078; x_wconf 87' lang='lat' dir='ltr'><strong>accurate</strong></span> <span class='ocrx_word' id='word_1_33' title='bbox 909 1019 1144 1095; x_wconf 86' lang='lat' dir='ltr'><strong>distinguuntur,</strong></span> <span class='ocrx_word' id='word_1_34' title='bbox 1166 1027 1230 1076; x_wconf 89' lang='lat' dir='ltr'><strong>tum</strong></span> <span class='ocrx_word' id='word_1_35' title='bbox 1251 1037 1290 1078; x_wconf 82' lang='lat' dir='ltr'><strong>ex</strong></span> <span class='ocrx_word' id='word_1_36' title='bbox 1311 1037 1414 1078; x_wconf 87' lang='lat' dir='ltr'><strong>narra·</strong></span> 
     </span>
     <span class='ocr_line' id='line_1_5' title="bbox 104 1120 1413 1200; baseline -0.002 -17"><span class='ocrx_word' id='word_1_37' title='bbox 104 1126 170 1183; x_wconf 80' lang='lat' dir='ltr'><strong>done</strong></span> <span class='ocrx_word' id='word_1_38' title='bbox 188 1143 283 1183; x_wconf 88' lang='lat' dir='ltr'><strong>rerum</strong></span> <span class='ocrx_word' id='word_1_39' title='bbox 298 1123 511 1182; x_wconf 85' lang='lat' dir='ltr'><strong>Thraeicarum</strong></span> <span class='ocrx_word' id='word_1_40' title='bbox 534 1131 604 1182; x_wconf 88' lang='lat' dir='ltr'><strong>ante</strong></span> <span class='ocrx_word' id='word_1_41' title='bbox 625 1121 773 1200; x_wconf 90' lang='lat' dir='ltr'><strong>proelium</strong></span> <span class='ocrx_word' id='word_1_42' title='bbox 795 1120 1005 1198; x_wconf 83' lang='lat' dir='ltr'><strong>Philippense3</strong></span> <span class='ocrx_word' id='word_1_43' title='bbox 1032 1139 1102 1180; x_wconf 92' lang='lat' dir='ltr'><strong>nam</strong></span> <span class='ocrx_word' id='word_1_44' title='bbox 1124 1139 1191 1180; x_wconf 92' lang='lat' dir='ltr'><strong>cum</strong></span> <span class='ocrx_word' id='word_1_45' title='bbox 1212 1139 1266 1200; x_wconf 89' lang='lat' dir='ltr'><strong>per</strong></span> <span class='ocrx_word' id='word_1_46' title='bbox 1286 1122 1318 1180; x_wconf 91' lang='lat' dir='ltr'><strong>id</strong></span> <span class='ocrx_word' id='word_1_47' title='bbox 1339 1129 1413 1181; x_wconf 85' lang='lat' dir='ltr'><strong>tem·</strong></span> 
     </span>
     <span class='ocr_line' id='line_1_6' title="bbox 102 1221 1413 1304; baseline -0.002 -20"><span class='ocrx_word' id='word_1_48' title='bbox 102 1246 149 1304; x_wconf 91' lang='lat' dir='ltr'><strong>pus</strong></span> <span class='ocrx_word' id='word_1_49' title='bbox 175 1247 226 1286; x_wconf 86' lang='lat' dir='ltr'><strong>rex</strong></span> <span class='ocrx_word' id='word_1_50' title='bbox 254 1226 404 1285; x_wconf 78' lang='lat' dir='ltr'><strong>Thraciae</strong></span> <span class='ocrx_word' id='word_1_51' title='bbox 430 1226 529 1284; x_wconf 87' lang='lat' dir='ltr'><strong>infans</strong></span> <span class='ocrx_word' id='word_1_52' title='bbox 559 1221 664 1301; x_wconf 87' lang='lat' dir='ltr'><strong>Cyzici</strong></span> <span class='ocrx_word' id='word_1_53' title='bbox 690 1224 824 1300; x_wconf 83' lang='lat' dir='ltr'>degeret,</span> <span class='ocrx_word' id='word_1_54' title='bbox 866 1221 1002 1300; x_wconf 88' lang='lat' dir='ltr'><strong>Sapaeos</strong></span> <span class='ocrx_word' id='word_1_55' title='bbox 1028 1223 1149 1300; x_wconf 90' lang='lat' dir='ltr'><strong>regulos</strong></span> <span class='ocrx_word' id='word_1_56' title='bbox 1187 1224 1214 1284; x_wconf 88' lang='lat' dir='ltr'><strong>ei</strong></span> <span class='ocrx_word' id='word_1_57' title='bbox 1239 1223 1413 1283; x_wconf 79' lang='lat' dir='ltr'><strong>interfuisse</strong></span> 
     </span>
     <span class='ocr_line' id='line_1_7' title="bbox 102 1316 1412 1403; baseline -0.002 -15"><span class='ocrx_word' id='word_1_58' title='bbox 102 1329 176 1388; x_wconf 87' lang='lat' dir='ltr'><strong>modo</strong></span> <span class='ocrx_word' id='word_1_59' title='bbox 196 1330 331 1388; x_wconf 81' lang='lat' dir='ltr'><strong>uidimus.</strong></span> <span class='ocrx_word' id='word_1_60' title='bbox 354 1361 395 1370; x_wconf 90' lang='lat'><strong>—-</strong></span> <span class='ocrx_word' id='word_1_61' title='bbox 417 1316 493 1387; x_wconf 81' lang='lat' dir='ltr'><strong>Post</strong></span> <span class='ocrx_word' id='word_1_62' title='bbox 514 1327 629 1403; x_wconf 82' lang='lat' dir='ltr'><strong>aliquot</strong></span> <span class='ocrx_word' id='word_1_63' title='bbox 649 1344 745 1385; x_wconf 84' lang='lat' dir='ltr'><strong>anuos</strong></span> <span class='ocrx_word' id='word_1_64' title='bbox 773 1327 805 1384; x_wconf 93' lang='lat' dir='ltr'><strong>in</strong></span> <span class='ocrx_word' id='word_1_65' title='bbox 826 1326 959 1384; x_wconf 85' lang='lat' dir='ltr'><strong>exercitu</strong></span> <span class='ocrx_word' id='word_1_66' title='bbox 981 1327 1104 1385; x_wconf 84' lang='lat' dir='ltr'><strong>Antonii</strong></span> <span class='ocrx_word' id='word_1_67' title='bbox 1126 1336 1231 1385; x_wconf 88' lang='lat' dir='ltr'><strong>contra</strong></span> <span class='ocrx_word' id='word_1_68' title='bbox 1252 1324 1412 1386; x_wconf 82' lang='lat' dir='ltr'><strong>Caesarem</strong></span> 
     </span>
     <span class='ocr_line' id='line_1_8' title="bbox 101 1427 1411 1508; baseline 0 -20"><span class='ocrx_word' id='word_1_69' title='bbox 101 1451 144 1490; x_wconf 85' lang='lat' dir='ltr'><strong>rer</strong></span> <span class='ocrx_word' id='word_1_70' title='bbox 162 1432 277 1508; x_wconf 89' lang='lat' dir='ltr'><strong>quidam</strong></span> <span class='ocrx_word' id='word_1_71' title='bbox 294 1430 443 1489; x_wconf 87' lang='lat' dir='ltr'><strong>Thraciae</strong></span> <span class='ocrx_word' id='word_1_72' title='bbox 466 1430 532 1500; x_wconf 86' lang='lat' dir='ltr'><strong>suit,</strong></span> <span class='ocrx_word' id='word_1_73' title='bbox 554 1448 642 1506; x_wconf 90' lang='lat' dir='ltr'><strong>quem</strong></span> <span class='ocrx_word' id='word_1_74' title='bbox 657 1427 840 1488; x_wconf 76' lang='lat' dir='ltr'><strong>Plutarchus</strong></span> <span class='ocrx_word' id='word_1_75' title='bbox 863 1429 957 1486; x_wconf 87' lang='lat' dir='ltr'><strong>altero</strong></span> <span class='ocrx_word' id='word_1_76' title='bbox 976 1427 1084 1504; x_wconf 67' lang='lat' dir='ltr'><strong>locet)</strong></span> <span class='ocrx_word' id='word_1_77' title='bbox 1107 1427 1246 1489; x_wconf 78' lang='lat' dir='ltr'><strong>Sadalam</strong></span> <span class='ocrx_word' id='word_1_78' title='bbox 1269 1428 1411 1507; x_wconf 88' lang='lat' dir='ltr'><strong>appellat,</strong></span> 
     </span>
     <span class='ocr_line' id='line_1_9' title="bbox 101 1527 1411 1608; baseline 0 -18"><span class='ocrx_word' id='word_1_79' title='bbox 101 1533 214 1608; x_wconf 72' lang='lat' dir='ltr'><strong>alterni)</strong></span> <span class='ocrx_word' id='word_1_80' title='bbox 237 1531 482 1604; x_wconf 82' lang='lat' dir='ltr'><strong>Rhoemetalcen,</strong></span> <span class='ocrx_word' id='word_1_81' title='bbox 505 1531 562 1590; x_wconf 88' lang='lat' dir='ltr'><strong>hoo</strong></span> <span class='ocrx_word' id='word_1_82' title='bbox 584 1532 697 1590; x_wconf 89' lang='lat' dir='ltr'><strong>addens</strong></span> <span class='ocrx_word' id='word_1_83' title='bbox 720 1550 786 1589; x_wconf 90' lang='lat' dir='ltr'><strong>eum</strong></span> <span class='ocrx_word' id='word_1_84' title='bbox 810 1532 848 1589; x_wconf 91' lang='lat' dir='ltr'><strong>ab</strong></span> <span class='ocrx_word' id='word_1_85' title='bbox 862 1530 995 1590; x_wconf 89' lang='lat' dir='ltr'><strong>Antonio</strong></span> <span class='ocrx_word' id='word_1_86' title='bbox 1016 1530 1055 1589; x_wconf 92' lang='lat' dir='ltr'><strong>ad</strong></span> <span class='ocrx_word' id='word_1_87' title='bbox 1070 1527 1231 1590; x_wconf 85' lang='lat' dir='ltr'><strong>Caesarem</strong></span> <span class='ocrx_word' id='word_1_88' title='bbox 1255 1531 1411 1592; x_wconf 83' lang='lat' dir='ltr'><strong>deiecisse.</strong></span> 
     </span>
     <span class='ocr_line' id='line_1_10' title="bbox 102 1632 1413 1712; baseline -0.001 -17"><span class='ocrx_word' id='word_1_89' title='bbox 102 1633 125 1695; x_wconf 91' lang='lat' dir='ltr'><strong>Si</strong></span> <span class='ocrx_word' id='word_1_90' title='bbox 147 1635 321 1712; x_wconf 87' lang='lat' dir='ltr'><strong>intellegitur</strong></span> <span class='ocrx_word' id='word_1_91' title='bbox 348 1655 403 1694; x_wconf 84' lang='lat' dir='ltr'><strong>rex</strong></span> <span class='ocrx_word' id='word_1_92' title='bbox 430 1634 563 1693; x_wconf 87' lang='lat' dir='ltr'><strong>Thracia</strong></span> <span class='ocrx_word' id='word_1_93' title='bbox 591 1635 765 1707; x_wconf 88' lang='lat' dir='ltr'><strong>universae,</strong></span> <span class='ocrx_word' id='word_1_94' title='bbox 798 1643 925 1710; x_wconf 87' lang='lat' dir='ltr'><strong>utroque</strong></span> <span class='ocrx_word' id='word_1_95' title='bbox 957 1633 1024 1690; x_wconf 86' lang='lat' dir='ltr'><strong>loco</strong></span> <span class='ocrx_word' id='word_1_96' title='bbox 1056 1633 1087 1690; x_wconf 89' lang='lat' dir='ltr'><strong>in</strong></span> <span class='ocrx_word' id='word_1_97' title='bbox 1114 1632 1235 1692; x_wconf 87' lang='lat' dir='ltr'><strong>nomine</strong></span> <span class='ocrx_word' id='word_1_98' title='bbox 1267 1636 1413 1694; x_wconf 85' lang='lat' dir='ltr'><strong>erraverit</strong></span> 
     </span>
     <span class='ocr_line' id='line_1_11' title="bbox 100 1734 1411 1808; baseline 0 -12"><span class='ocrx_word' id='word_1_99' title='bbox 100 1746 186 1796; x_wconf 88' lang='lat' dir='ltr'><strong>auctor</strong></span> <span class='ocrx_word' id='word_1_100' title='bbox 211 1737 334 1796; x_wconf 68' lang='lat' dir='ltr'><strong>necesse</strong></span> <span class='ocrx_word' id='word_1_101' title='bbox 363 1747 424 1808; x_wconf 87' lang='lat' dir='ltr'><strong>est;</strong></span> <span class='ocrx_word' id='word_1_102' title='bbox 457 1756 526 1796; x_wconf 90' lang='lat' dir='ltr'><strong>uam</strong></span> <span class='ocrx_word' id='word_1_103' title='bbox 554 1755 621 1796; x_wconf 90' lang='lat' dir='ltr'><strong>eum</strong></span> <span class='ocrx_word' id='word_1_104' title='bbox 647 1737 746 1795; x_wconf 88' lang='lat' dir='ltr'><strong>locum</strong></span> <span class='ocrx_word' id='word_1_105' title='bbox 773 1735 862 1796; x_wconf 93' lang='lat' dir='ltr'><strong>modo</strong></span> <span class='ocrx_word' id='word_1_106' title='bbox 889 1734 1160 1794; x_wconf 86' lang='lat' dir='ltr'><strong>demonstravimus</strong></span> <span class='ocrx_word' id='word_1_107' title='bbox 1187 1742 1249 1794; x_wconf 91' lang='lat' dir='ltr'><strong>tum</strong></span> <span class='ocrx_word' id='word_1_108' title='bbox 1275 1737 1411 1796; x_wconf 87' lang='lat' dir='ltr'><strong>tenuisse</strong></span> 
     </span>
     <span class='ocr_line' id='line_1_12' title="bbox 100 1837 1412 1916; baseline -0.002 -16"><span class='ocrx_word' id='word_1_109' title='bbox 100 1837 182 1916; x_wconf 86' lang='lat' dir='ltr'><strong>Cotyn</strong></span> <span class='ocrx_word' id='word_1_110' title='bbox 203 1837 332 1900; x_wconf 85' lang='lat' dir='ltr'><strong>Sedalae</strong></span> <span class='ocrx_word' id='word_1_111' title='bbox 354 1839 460 1910; x_wconf 83' lang='lat' dir='ltr'><strong>filium,</strong></span> <span class='ocrx_word' id='word_1_112' title='bbox 482 1839 533 1915; x_wconf 92' lang='lat' dir='ltr'><strong>qui</strong></span> <span class='ocrx_word' id='word_1_113' title='bbox 555 1839 675 1898; x_wconf 90' lang='lat' dir='ltr'><strong>adultus</strong></span> <span class='ocrx_word' id='word_1_114' title='bbox 697 1838 793 1897; x_wconf 83' lang='lat' dir='ltr'><strong>iactus</strong></span> <span class='ocrx_word' id='word_1_115' title='bbox 815 1839 934 1897; x_wconf 85' lang='lat' dir='ltr'><strong>interim</strong></span> <span class='ocrx_word' id='word_1_116' title='bbox 955 1837 1114 1914; x_wconf 85' lang='lat' dir='ltr'><strong>quominus</strong></span> <span class='ocrx_word' id='word_1_117' title='bbox 1136 1837 1217 1896; x_wconf 91' lang='lat' dir='ltr'><strong>bello</strong></span> <span class='ocrx_word' id='word_1_118' title='bbox 1243 1838 1412 1898; x_wconf 82' lang='lat' dir='ltr'><strong>interfuerit</strong></span> 
     </span>
     <span class='ocr_line' id='line_1_13' title="bbox 100 1931 1410 2016; baseline 0.001 -16"><span class='ocrx_word' id='word_1_119' title='bbox 100 1943 159 2000; x_wconf 88' lang='lat' dir='ltr'><strong>nihil</strong></span> <span class='ocrx_word' id='word_1_120' title='bbox 183 1943 290 2002; x_wconf 84' lang='lat' dir='ltr'><strong>obstat.</strong></span> <span class='ocrx_word' id='word_1_121' title='bbox 335 1941 425 2016; x_wconf 82' lang='lat' dir='ltr'><strong>Quod</strong></span> <span class='ocrx_word' id='word_1_122' title='bbox 452 1943 478 2002; x_wconf 89' lang='lat' dir='ltr'><strong>si</strong></span> <span class='ocrx_word' id='word_1_123' title='bbox 506 1961 608 2000; x_wconf 85' lang='lat' dir='ltr'><strong>verum</strong></span> <span class='ocrx_word' id='word_1_124' title='bbox 635 1959 743 2000; x_wconf 91' lang='lat' dir='ltr'><strong>nomeu</strong></span> <span class='ocrx_word' id='word_1_125' title='bbox 769 1931 950 1999; x_wconf 76' lang='lat' dir='ltr'><strong>Plutarchus</strong></span> <span class='ocrx_word' id='word_1_126' title='bbox 983 1939 1085 2016; x_wconf 89' lang='lat' dir='ltr'><strong>posuit</strong></span> <span class='ocrx_word' id='word_1_127' title='bbox 1114 1949 1241 2016; x_wconf 88' lang='lat' dir='ltr'><strong>utroque</strong></span> <span class='ocrx_word' id='word_1_128' title='bbox 1268 1941 1335 2000; x_wconf 86' lang='lat' dir='ltr'><strong>loco</strong></span> <span class='ocrx_word' id='word_1_129' title='bbox 1361 1943 1410 2001; x_wconf 87' lang='lat' dir='ltr'><strong>vel</strong></span> 
     </span>
     <span class='ocr_line' id='line_1_14' title="bbox 99 2039 1410 2123; baseline 0.002 -21"><span class='ocrx_word' id='word_1_130' title='bbox 99 2055 162 2102; x_wconf 85' lang='lat' dir='ltr'><strong>certe</strong></span> <span class='ocrx_word' id='word_1_131' title='bbox 186 2045 278 2104; x_wconf 81' lang='lat' dir='ltr'><strong>altero</strong></span> <span class='ocrx_word' id='word_1_132' title='bbox 305 2054 388 2115; x_wconf 89' lang='lat' dir='ltr'><strong>utro,</strong></span> <span class='ocrx_word' id='word_1_133' title='bbox 421 2043 518 2123; x_wconf 89' lang='lat' dir='ltr'><strong>reguli</strong></span> <span class='ocrx_word' id='word_1_134' title='bbox 539 2043 679 2102; x_wconf 82' lang='lat' dir='ltr'><strong>Thracici</strong></span> <span class='ocrx_word' id='word_1_135' title='bbox 706 2043 737 2100; x_wconf 94' lang='lat' dir='ltr'><strong>hi</strong></span> <span class='ocrx_word' id='word_1_136' title='bbox 765 2043 875 2102; x_wconf 84' lang='lat' dir='ltr'><strong>fuerint</strong></span> <span class='ocrx_word' id='word_1_137' title='bbox 901 2049 1020 2120; x_wconf 86' lang='lat' dir='ltr'><strong>oportet</strong></span> <span class='ocrx_word' id='word_1_138' title='bbox 1046 2042 1111 2102; x_wconf 88' lang='lat' dir='ltr'><strong>sive</strong></span> <span class='ocrx_word' id='word_1_139' title='bbox 1133 2039 1317 2120; x_wconf 86' lang='lat' dir='ltr'><strong>Sapaeorum</strong></span> <span class='ocrx_word' id='word_1_140' title='bbox 1347 2045 1410 2104; x_wconf 76' lang='lat' dir='ltr'><strong>sire</strong></span> 
     </span>
    </p>
   </div>
   <div class='ocr_carea' id='block_1_3' title="bbox 99 2146 449 2224">
    <p class='ocr_par' dir='ltr' id='par_1_3' title="bbox 99 2146 449 2224">
     <span class='ocr_line' id='line_1_15' title="bbox 99 2146 449 2224; baseline -0.003 -19"><span class='ocrx_word' id='word_1_141' title='bbox 99 2147 162 2207; x_wconf 87' lang='lat' dir='ltr'><strong>alius</strong></span> <span class='ocrx_word' id='word_1_142' title='bbox 182 2149 314 2207; x_wconf 82' lang='lat' dir='ltr'><strong>cuiusvis</strong></span> <span class='ocrx_word' id='word_1_143' title='bbox 334 2146 449 2224; x_wconf 90' lang='lat' dir='ltr'><strong>populi.</strong></span> 
     </span>
    </p>
   </div>
   <div class='ocr_carea' id='block_1_4' title="bbox 164 2311 1408 2414">
    <p class='ocr_par' dir='ltr' id='par_1_4' title="bbox 164 2311 1408 2414">
     <span class='ocr_line' id='line_1_16' title="bbox 164 2311 1408 2414; baseline 0.005 -28"><span class='ocrx_word' id='word_1_144' title='bbox 164 2317 195 2386; x_wconf 87' lang='lat'><strong>3.</strong></span> <span class='ocrx_word' id='word_1_145' title='bbox 231 2311 346 2414; x_wconf 79' lang='lat' dir='ltr'><strong>00in</strong></span> <span class='ocrx_word' id='word_1_146' title='bbox 374 2331 503 2392; x_wconf 87' lang='lat' dir='ltr'><strong>Sadalac</strong></span> <span class='ocrx_word' id='word_1_147' title='bbox 529 2339 559 2390; x_wconf 86' lang='lat' dir='ltr'><strong>et</strong></span> <span class='ocrx_word' id='word_1_148' title='bbox 587 2331 824 2392; x_wconf 86' lang='lat' dir='ltr'><strong>Polemocrotiae</strong></span> <span class='ocrx_word' id='word_1_149' title='bbox 852 2330 990 2406; x_wconf 86' lang='lat' dir='ltr'><strong>filius⁴),</strong></span> <span class='ocrx_word' id='word_1_150' title='bbox 1018 2349 1106 2408; x_wconf 88' lang='lat' dir='ltr'><strong>quem</strong></span> <span class='ocrx_word' id='word_1_151' title='bbox 1133 2350 1159 2390; x_wconf 90' lang='lat' dir='ltr'><strong>a.</strong></span> <span class='ocrx_word' id='word_1_152' title='bbox 1176 2331 1235 2390; x_wconf 79' lang='lat'><strong>712</strong></span> <span class='ocrx_word' id='word_1_153' title='bbox 1263 2331 1408 2392; x_wconf 73' lang='lat' dir='ltr'><strong>infantem</strong></span> 
     </span>
    </p>
   </div>
   <div class='ocr_carea' id='block_1_5' title="bbox 96 2433 1408 2616">
    <p class='ocr_par' dir='ltr' id='par_1_5' title="bbox 96 2433 1408 2616">
     <span class='ocr_line' id='line_1_17' title="bbox 96 2433 1408 2512; baseline 0 -18"><span class='ocrx_word' id='word_1_154' title='bbox 96 2437 173 2496; x_wconf 86' lang='lat' dir='ltr'><strong>luisse</strong></span> <span class='ocrx_word' id='word_1_155' title='bbox 194 2437 334 2508; x_wconf 73' lang='lat' dir='ltr'><strong>uidimuS,</strong></span> <span class='ocrx_word' id='word_1_156' title='bbox 362 2435 469 2494; x_wconf 90' lang='lat' dir='ltr'><strong>deinde</strong></span> <span class='ocrx_word' id='word_1_157' title='bbox 494 2453 587 2512; x_wconf 90' lang='lat' dir='ltr'><strong>regno</strong></span> <span class='ocrx_word' id='word_1_158' title='bbox 612 2435 740 2512; x_wconf 87' lang='lat' dir='ltr'><strong>potitum</strong></span> <span class='ocrx_word' id='word_1_159' title='bbox 767 2433 940 2511; x_wconf 87' lang='lat' dir='ltr'><strong>parentibus</strong></span> <span class='ocrx_word' id='word_1_160' title='bbox 961 2433 1074 2510; x_wconf 85' lang='lat' dir='ltr'><strong>Bizyae</strong></span> <span class='ocrx_word' id='word_1_161' title='bbox 1096 2435 1268 2494; x_wconf 88' lang='lat' dir='ltr'><strong>memoriam</strong></span> <span class='ocrx_word' id='word_1_162' title='bbox 1291 2435 1408 2494; x_wconf 91' lang='lat' dir='ltr'><strong>dedica·</strong></span> 
     </span>
     <span class='ocr_line' id='line_1_18' title="bbox 96 2535 1405 2616; baseline 0.002 -20"><span class='ocrx_word' id='word_1_163' title='bbox 96 2539 175 2608; x_wconf 78' lang='lat' dir='ltr'><strong>visse,</strong></span> <span class='ocrx_word' id='word_1_164' title='bbox 205 2539 280 2598; x_wconf 88' lang='lat' dir='ltr'><strong>obiit</strong></span> <span class='ocrx_word' id='word_1_165' title='bbox 310 2547 379 2596; x_wconf 89' lang='lat' dir='ltr'><strong>ante</strong></span> <span class='ocrx_word' id='word_1_166' title='bbox 412 2556 438 2594; x_wconf 82' lang='lat' dir='ltr'><strong>a</strong></span> <span class='ocrx_word' id='word_1_167' title='bbox 460 2537 520 2597; x_wconf 87' lang='grc'><strong>738</strong></span> <span class='ocrx_word' id='word_1_168' title='bbox 554 2544 648 2596; x_wconf 88' lang='lat' dir='ltr'><strong>morte</strong></span> <span class='ocrx_word' id='word_1_169' title='bbox 681 2537 856 2606; x_wconf 82' lang='lat' dir='ltr'><strong>immaturo3</strong></span> <span class='ocrx_word' id='word_1_170' title='bbox 890 2555 959 2594; x_wconf 89' lang='lat' dir='ltr'><strong>nam</strong></span> <span class='ocrx_word' id='word_1_171' title='bbox 991 2535 1104 2595; x_wconf 90' lang='lat' dir='ltr'><strong>liberos</strong></span> <span class='ocrx_word' id='word_1_172' title='bbox 1137 2537 1306 2616; x_wconf 81' lang='lat' dir='ltr'><strong>impuberes</strong></span> <span class='ocrx_word' id='word_1_173' title='bbox 1338 2538 1405 2598; x_wconf 91' lang='lat' dir='ltr'><strong>reli-</strong></span> 
     </span>
    </p>
   </div>
   <div class='ocr_carea' id='block_1_6' title="bbox 97 2637 198 2718">
    <p class='ocr_par' dir='ltr' id='par_1_6' title="bbox 97 2637 198 2718">
     <span class='ocr_line' id='line_1_19' title="bbox 97 2637 198 2718; baseline 0 -18"><span class='ocrx_word' id='word_1_174' title='bbox 97 2642 149 2718; x_wconf 88' lang='lat' dir='ltr'><strong>quit</strong></span> <span class='ocrx_word' id='word_1_175' title='bbox 162 2637 198 2716; x_wconf 79' lang='lat'><strong>⁵).</strong></span> 
     </span>
    </p>
   </div>
   <div class='ocr_carea' id='block_1_7' title="bbox 95 2805 1406 3213">
    <p class='ocr_par' dir='ltr' id='par_1_7' title="bbox 95 2805 1406 3213">
     <span class='ocr_line' id='line_1_20' title="bbox 162 2805 1406 2906; baseline 0.006 -25"><span class='ocrx_word' id='word_1_176' title='bbox 162 2811 194 2881; x_wconf 88' lang='grc'><strong>4.</strong></span> <span class='ocrx_word' id='word_1_177' title='bbox 233 2805 482 2905; x_wconf 78' lang='lat' dir='ltr'><strong>Rhescuporis</strong></span> <span class='ocrx_word' id='word_1_178' title='bbox 506 2823 611 2902; x_wconf 84' lang='lat' dir='ltr'><strong>Cotyis</strong></span> <span class='ocrx_word' id='word_1_179' title='bbox 638 2823 717 2884; x_wconf 84' lang='lat' dir='ltr'><strong>filius</strong></span> <span class='ocrx_word' id='word_1_180' title='bbox 738 2824 861 2882; x_wconf 88' lang='lat' dir='ltr'><strong>necdum</strong></span> <span class='ocrx_word' id='word_1_181' title='bbox 886 2823 979 2900; x_wconf 87' lang='lat' dir='ltr'><strong>pubes</strong></span> <span class='ocrx_word' id='word_1_182' title='bbox 1004 2825 1406 2906; x_wconf 68' lang='grc'><strong>1811881888818.1381)</strong></span> 
     </span>
     <span class='ocr_line' id='line_1_21' title="bbox 95 2925 1405 3008; baseline 0.003 -22"><span class='ocrx_word' id='word_1_183' title='bbox 95 2939 176 2988; x_wconf 90' lang='lat' dir='ltr'><strong>tutore</strong></span> <span class='ocrx_word' id='word_1_184' title='bbox 195 2931 289 3008; x_wconf 91' lang='lat' dir='ltr'><strong>ipsius</strong></span> <span class='ocrx_word' id='word_1_185' title='bbox 310 2940 340 2988; x_wconf 90' lang='lat' dir='ltr'><strong>et</strong></span> <span class='ocrx_word' id='word_1_186' title='bbox 361 2930 542 3004; x_wconf 89' lang='lat' dir='ltr'><strong>reliquorum</strong></span> <span class='ocrx_word' id='word_1_187' title='bbox 558 2925 664 3004; x_wconf 87' lang='lat' dir='ltr'><strong>Cotyis</strong></span> <span class='ocrx_word' id='word_1_188' title='bbox 686 2927 847 2986; x_wconf 89' lang='lat' dir='ltr'><strong>liberorum</strong></span> <span class='ocrx_word' id='word_1_189' title='bbox 875 2927 1037 2986; x_wconf 89' lang='lat' dir='ltr'><strong>constituto</strong></span> <span class='ocrx_word' id='word_1_190' title='bbox 1058 2935 1167 3006; x_wconf 89' lang='lat' dir='ltr'><strong>patruo</strong></span> <span class='ocrx_word' id='word_1_191' title='bbox 1183 2927 1405 2990; x_wconf 66' lang='lat' dir='ltr'><strong>Rhoemetalce</strong></span> 
     </span>
     <span class='ocr_line' id='line_1_22' title="bbox 96 3029 1406 3108; baseline 0.003 -19"><span class='ocrx_word' id='word_1_192' title='bbox 96 3031 159 3090; x_wconf 88' lang='lat' dir='ltr'><strong>Turn</strong></span> <span class='ocrx_word' id='word_1_193' title='bbox 172 3033 297 3092; x_wconf 88' lang='lat' dir='ltr'><strong>Romani</strong></span> <span class='ocrx_word' id='word_1_194' title='bbox 319 3052 387 3090; x_wconf 90' lang='lat' dir='ltr'><strong>eum</strong></span> <span class='ocrx_word' id='word_1_195' title='bbox 402 3051 420 3090; x_wconf 89' lang='lat' dir='ltr'><strong>a</strong></span> <span class='ocrx_word' id='word_1_196' title='bbox 435 3030 538 3088; x_wconf 87' lang='lat' dir='ltr'><strong>Bessis</strong></span> <span class='ocrx_word' id='word_1_197' title='bbox 554 3030 765 3100; x_wconf 80' lang='lat' dir='ltr'><strong>defenderuot3</strong></span> <span class='ocrx_word' id='word_1_198' title='bbox 786 3029 889 3107; x_wconf 93' lang='lat' dir='ltr'><strong>paullo</strong></span> <span class='ocrx_word' id='word_1_199' title='bbox 911 3037 980 3106; x_wconf 91' lang='lat' dir='ltr'><strong>post</strong></span> <span class='ocrx_word' id='word_1_200' title='bbox 1002 3049 1029 3088; x_wconf 78' lang='grc'><strong>8.</strong></span> <span class='ocrx_word' id='word_1_201' title='bbox 1046 3030 1104 3090; x_wconf 86' lang='grc'><strong>743</strong></span> <span class='ocrx_word' id='word_1_202' title='bbox 1127 3031 1223 3108; x_wconf 88' lang='lat' dir='ltr'><strong>reguli</strong></span> <span class='ocrx_word' id='word_1_203' title='bbox 1246 3034 1406 3094; x_wconf 86' lang='lat' dir='ltr'><strong>eorundem</strong></span> 
     </span>
     <span class='ocr_line' id='line_1_23' title="bbox 96 3131 1242 3213; baseline 0.003 -23"><span class='ocrx_word' id='word_1_204' title='bbox 96 3133 238 3213; x_wconf 77' lang='lat' dir='ltr'><strong>Vologaesi</strong></span> <span class='ocrx_word' id='word_1_205' title='bbox 259 3134 380 3194; x_wconf 87' lang='lat' dir='ltr'><strong>insidiis</strong></span> <span class='ocrx_word' id='word_1_206' title='bbox 403 3132 575 3192; x_wconf 81' lang='lat' dir='ltr'><strong>interiectus</strong></span> <span class='ocrx_word' id='word_1_207' title='bbox 597 3131 683 3209; x_wconf 68' lang='lat' dir='ltr'><strong>estt)</strong></span> <span class='ocrx_word' id='word_1_208' title='bbox 706 3131 883 3192; x_wconf 86' lang='lat' dir='ltr'><strong>adulescens</strong></span> <span class='ocrx_word' id='word_1_209' title='bbox 906 3132 999 3210; x_wconf 86' lang='lat' dir='ltr'><strong>stirpe</strong></span> <span class='ocrx_word' id='word_1_210' title='bbox 1021 3133 1107 3192; x_wconf 88' lang='lat' dir='ltr'><strong>nulla</strong></span> <span class='ocrx_word' id='word_1_211' title='bbox 1128 3134 1242 3193; x_wconf 87' lang='lat' dir='ltr'><strong>relicta.</strong></span> 
     </span>
    </p>
   </div>
   <div class='ocr_carea' id='block_1_8' title="bbox 97 3271 281 3283">
    <p class='ocr_par' dir='ltr' id='par_1_8' title="bbox 97 3271 281 3283">
     <span class='ocr_line' id='line_1_24' title="bbox 97 3271 281 3283; baseline 0 0"><span class='ocrx_word' id='word_1_212' title='bbox 97 3271 281 3283; x_wconf 74' lang='grc' dir='ltr'><strong>1--ι</strong></span> 
     </span>
    </p>
   </div>
   <div class='ocr_carea' id='block_1_9' title="bbox 93 3357 1407 3979">
    <p class='ocr_par' dir='ltr' id='par_1_9' title="bbox 156 3357 763 3424">
     <span class='ocr_line' id='line_1_25' title="bbox 156 3357 763 3424; baseline -0.003 -16"><span class='ocrx_word' id='word_1_213' title='bbox 156 3357 179 3418; x_wconf 91' lang='lat'><strong>¹)</strong></span> <span class='ocrx_word' id='word_1_214' title='bbox 203 3359 338 3424; x_wconf 81' lang='lat' dir='ltr'><strong>Appianas</strong></span> <span class='ocrx_word' id='word_1_215' title='bbox 357 3359 382 3408; x_wconf 86' lang='lat' dir='ltr'><strong>b.</strong></span> <span class='ocrx_word' id='word_1_216' title='bbox 402 3358 464 3418; x_wconf 78' lang='lat' dir='ltr'><strong>cd,</strong></span> <span class='ocrx_word' id='word_1_217' title='bbox 481 3357 542 3408; x_wconf 84' lang='grc'><strong>136.</strong></span> <span class='ocrx_word' id='word_1_218' title='bbox 581 3357 634 3406; x_wconf 92' lang='lat' dir='ltr'><strong>Dio</strong></span> <span class='ocrx_word' id='word_1_219' title='bbox 654 3357 698 3418; x_wconf 86' lang='grc'><strong>47,</strong></span> <span class='ocrx_word' id='word_1_220' title='bbox 719 3357 763 3406; x_wconf 87' lang='grc'><strong>48.</strong></span> 
     </span>
    </p>

    <p class='ocr_par' dir='ltr' id='par_1_10' title="bbox 93 3445 1407 3610">
     <span class='ocr_line' id='line_1_26' title="bbox 155 3445 1407 3516; baseline 0.002 -16"><span class='ocrx_word' id='word_1_221' title='bbox 155 3445 177 3512; x_wconf 86' lang='lat'><strong>²)</strong></span> <span class='ocrx_word' id='word_1_222' title='bbox 203 3452 299 3502; x_wconf 84' lang='lat' dir='ltr'><strong>Anton.</strong></span> <span class='ocrx_word' id='word_1_223' title='bbox 321 3451 365 3501; x_wconf 84' lang='lat' dir='ltr'><strong>or.</strong></span> <span class='ocrx_word' id='word_1_224' title='bbox 402 3449 456 3500; x_wconf 91' lang='lat' dir='ltr'><strong>Dio</strong></span> <span class='ocrx_word' id='word_1_225' title='bbox 477 3449 521 3511; x_wconf 82' lang='lat'><strong>50,</strong></span> <span class='ocrx_word' id='word_1_226' title='bbox 541 3449 558 3500; x_wconf 87' lang='grc'><strong>6</strong></span> <span class='ocrx_word' id='word_1_227' title='bbox 579 3449 695 3500; x_wconf 86' lang='lat' dir='ltr'><strong>Thraces</strong></span> <span class='ocrx_word' id='word_1_228' title='bbox 719 3450 785 3500; x_wconf 88' lang='lat' dir='ltr'><strong>iuter</strong></span> <span class='ocrx_word' id='word_1_229' title='bbox 809 3463 854 3498; x_wconf 89' lang='lat' dir='ltr'><strong>eos</strong></span> <span class='ocrx_word' id='word_1_230' title='bbox 885 3449 994 3513; x_wconf 87' lang='lat' dir='ltr'><strong>populos</strong></span> <span class='ocrx_word' id='word_1_231' title='bbox 1017 3449 1146 3512; x_wconf 89' lang='lat' dir='ltr'><strong>nominat,</strong></span> <span class='ocrx_word' id='word_1_232' title='bbox 1173 3451 1216 3516; x_wconf 90' lang='lat' dir='ltr'><strong>qui</strong></span> <span class='ocrx_word' id='word_1_233' title='bbox 1241 3449 1274 3501; x_wconf 84' lang='lat' dir='ltr'><strong>ab</strong></span> <span class='ocrx_word' id='word_1_234' title='bbox 1293 3449 1407 3502; x_wconf 84' lang='lat' dir='ltr'><strong>Antonii</strong></span> 
     </span>
     <span class='ocr_line' id='line_1_27' title="bbox 93 3541 728 3610; baseline -0.002 -19"><span class='ocrx_word' id='word_1_235' title='bbox 93 3541 188 3603; x_wconf 82' lang='lat' dir='ltr'><strong>partibus</strong></span> <span class='ocrx_word' id='word_1_236' title='bbox 207 3551 310 3606; x_wconf 83' lang='lat' dir='ltr'><strong>starent,</strong></span> <span class='ocrx_word' id='word_1_237' title='bbox 330 3544 397 3610; x_wconf 89' lang='lat' dir='ltr'><strong>regis</strong></span> <span class='ocrx_word' id='word_1_238' title='bbox 416 3557 508 3592; x_wconf 87' lang='lat' dir='ltr'><strong>numen</strong></span> <span class='ocrx_word' id='word_1_239' title='bbox 528 3543 627 3592; x_wconf 90' lang='lat' dir='ltr'><strong>nullum</strong></span> <span class='ocrx_word' id='word_1_240' title='bbox 646 3543 728 3607; x_wconf 91' lang='lat' dir='ltr'><strong>ponit.</strong></span> 
     </span>
    </p>

    <p class='ocr_par' dir='ltr' id='par_1_11' title="bbox 153 3633 781 3700">
     <span class='ocr_line' id='line_1_28' title="bbox 153 3633 781 3700; baseline -0.006 -13"><span class='ocrx_word' id='word_1_241' title='bbox 153 3633 176 3696; x_wconf 83' lang='lat'><strong>¹)</strong></span> <span class='ocrx_word' id='word_1_242' title='bbox 199 3635 302 3686; x_wconf 86' lang='lat' dir='ltr'><strong>Romul.</strong></span> <span class='ocrx_word' id='word_1_243' title='bbox 318 3638 365 3697; x_wconf 81' lang='lat'><strong>17;</strong></span> <span class='ocrx_word' id='word_1_244' title='bbox 385 3635 568 3700; x_wconf 80' lang='lat' dir='ltr'><strong>apophthegm.</strong></span> <span class='ocrx_word' id='word_1_245' title='bbox 585 3635 658 3684; x_wconf 86' lang='lat' dir='ltr'><strong>Caes.</strong></span> <span class='ocrx_word' id='word_1_246' title='bbox 673 3635 741 3698; x_wconf 89' lang='lat' dir='ltr'><strong>Aug.</strong></span> <span class='ocrx_word' id='word_1_247' title='bbox 756 3635 781 3682; x_wconf 79' lang='grc'><strong>2.</strong></span> 
     </span>
    </p>

    <p class='ocr_par' dir='ltr' id='par_1_12' title="bbox 93 3711 1404 3979">
     <span class='ocr_line' id='line_1_29' title="bbox 153 3711 1404 3794; baseline 0.002 -18"><span class='ocrx_word' id='word_1_248' title='bbox 153 3725 175 3787; x_wconf 83' lang='lat'><strong>⁴)</strong></span> <span class='ocrx_word' id='word_1_249' title='bbox 198 3729 313 3777; x_wconf 85' lang='lat' dir='ltr'><strong>Titulum</strong></span> <span class='ocrx_word' id='word_1_250' title='bbox 327 3729 443 3777; x_wconf 89' lang='lat' dir='ltr'><strong>Atticum</strong></span> <span class='ocrx_word' id='word_1_251' title='bbox 459 3727 488 3777; x_wconf 85' lang='lat' dir='ltr'><strong>C.</strong></span> <span class='ocrx_word' id='word_1_252' title='bbox 503 3727 525 3776; x_wconf 94' lang='grc' dir='ltr'><strong>Ι.</strong></span> <span class='ocrx_word' id='word_1_253' title='bbox 540 3727 585 3778; x_wconf 86' lang='lat' dir='ltr'><strong>Gr.</strong></span> <span class='ocrx_word' id='word_1_254' title='bbox 604 3743 629 3776; x_wconf 92' lang='lat' dir='ltr'><strong>n.</strong></span> <span class='ocrx_word' id='word_1_255' title='bbox 645 3727 711 3776; x_wconf 81' lang='lat'><strong>359:</strong></span> <span class='ocrx_word' id='word_1_256' title='bbox 732 3720 846 3789; x_wconf 76' lang='grc' dir='ltr'>βασιλία</span> <span class='ocrx_word' id='word_1_257' title='bbox 858 3711 955 3775; x_wconf 72' lang='lat' dir='ltr'><strong>Kolwv</strong></span> <span class='ocrx_word' id='word_1_258' title='bbox 974 3720 1103 3787; x_wconf 75' lang='grc' dir='ltr'><strong>βασιλίως</strong></span> <span class='ocrx_word' id='word_1_259' title='bbox 1119 3713 1342 3794; x_wconf 72' lang='grc' dir='ltr'><strong>Ῥαισκονπᾶριδος</strong></span> <span class='ocrx_word' id='word_1_260' title='bbox 1360 3717 1404 3778; x_wconf 70' lang='lat' dir='ltr'><strong>tia</strong></span> 
     </span>
     <span class='ocr_line' id='line_1_30' title="bbox 93 3815 1403 3884; baseline 0.006 -20"><span class='ocrx_word' id='word_1_261' title='bbox 93 3815 139 3868; x_wconf 88' lang='lat' dir='ltr'><strong>huie</strong></span> <span class='ocrx_word' id='word_1_262' title='bbox 156 3819 227 3884; x_wconf 86' lang='lat' dir='ltr'><strong>Cotyi</strong></span> <span class='ocrx_word' id='word_1_263' title='bbox 251 3819 342 3870; x_wconf 89' lang='lat' dir='ltr'><strong>tribuit</strong></span> <span class='ocrx_word' id='word_1_264' title='bbox 359 3819 515 3870; x_wconf 81' lang='lat' dir='ltr'><strong>Boeclrhius.</strong></span> <span class='ocrx_word' id='word_1_265' title='bbox 553 3818 598 3868; x_wconf 86' lang='lat' dir='ltr'><strong>Ad</strong></span> <span class='ocrx_word' id='word_1_266' title='bbox 621 3819 730 3868; x_wconf 85' lang='lat' dir='ltr'><strong>eundem</strong></span> <span class='ocrx_word' id='word_1_267' title='bbox 756 3819 849 3868; x_wconf 87' lang='lat' dir='ltr'><strong>deinde</strong></span> <span class='ocrx_word' id='word_1_268' title='bbox 874 3818 1037 3869; x_wconf 87' lang='lat' dir='ltr'><strong>Cavadouius</strong></span> <span class='ocrx_word' id='word_1_269' title='bbox 1061 3816 1106 3880; x_wconf 86' lang='lat' dir='ltr'><strong>(di</strong></span> <span class='ocrx_word' id='word_1_270' title='bbox 1128 3818 1218 3870; x_wconf 81' lang='lat' dir='ltr'><strong>alcone</strong></span> <span class='ocrx_word' id='word_1_271' title='bbox 1241 3827 1334 3870; x_wconf 84' lang='lat' dir='ltr'><strong>monete</strong></span> <span class='ocrx_word' id='word_1_272' title='bbox 1358 3838 1403 3872; x_wconf 81' lang='lat' dir='ltr'><strong>aa·</strong></span> 
     </span>
     <span class='ocr_line' id='line_1_31' title="bbox 93 3907 1403 3979; baseline 0.007 -24"><span class='ocrx_word' id='word_1_273' title='bbox 93 3907 143 3960; x_wconf 79' lang='lat' dir='ltr'><strong>tiele</strong></span> <span class='ocrx_word' id='word_1_274' title='bbox 160 3909 227 3978; x_wconf 69' lang='lat' dir='ltr'><strong>degli</strong></span> <span class='ocrx_word' id='word_1_275' title='bbox 244 3911 328 3962; x_wconf 78' lang='lat' dir='ltr'><strong>ultimi</strong></span> <span class='ocrx_word' id='word_1_276' title='bbox 349 3908 377 3961; x_wconf 75' lang='lat' dir='ltr'><strong>ri</strong></span> <span class='ocrx_word' id='word_1_277' title='bbox 397 3910 426 3960; x_wconf 83' lang='lat' dir='ltr'><strong>di</strong></span> <span class='ocrx_word' id='word_1_278' title='bbox 447 3909 551 3962; x_wconf 75' lang='lat' dir='ltr'><strong>Tracta.</strong></span> <span class='ocrx_word' id='word_1_279' title='bbox 582 3911 711 3961; x_wconf 86' lang='lat' dir='ltr'><strong>Modenae</strong></span> <span class='ocrx_word' id='word_1_280' title='bbox 733 3913 812 3962; x_wconf 81' lang='grc'><strong>1846.</strong></span> <span class='ocrx_word' id='word_1_281' title='bbox 846 3909 881 3971; x_wconf 86' lang='grc'><strong>8.)</strong></span> <span class='ocrx_word' id='word_1_282' title='bbox 900 3911 958 3974; x_wconf 81' lang='lat' dir='ltr'><strong>p.4</strong></span> <span class='ocrx_word' id='word_1_283' title='bbox 977 3912 1107 3961; x_wconf 81' lang='lat' dir='ltr'><strong>revocavit</strong></span> <span class='ocrx_word' id='word_1_284' title='bbox 1127 3927 1246 3962; x_wconf 88' lang='lat' dir='ltr'><strong>nummos</strong></span> <span class='ocrx_word' id='word_1_285' title='bbox 1265 3914 1403 3979; x_wconf 89' lang='lat' dir='ltr'><strong>inscriptos</strong></span> 
     </span>
    </p>
   </div>
   <div class='ocr_carea' id='block_1_10' title="bbox 92 4001 1403 4726">
    <p class='ocr_par' dir='ltr' id='par_1_13' title="bbox 92 4001 1403 4356">
     <span class='ocr_line' id='line_1_32' title="bbox 93 4001 1403 4078; baseline 0.008 -23"><span class='ocrx_word' id='word_1_286' title='bbox 93 4016 209 4060; x_wconf 71' lang='lat' dir='ltr'><strong>sarissas</strong></span> <span class='ocrx_word' id='word_1_287' title='bbox 231 4006 342 4070; x_wconf 75' lang='grc'><strong>1101118)</strong></span> <span class='ocrx_word' id='word_1_288' title='bbox 366 4001 521 4078; x_wconf 69' lang='lat' dir='ltr'><strong>(enatasset</strong></span> <span class='ocrx_word' id='word_1_289' title='bbox 543 4016 801 4061; x_wconf 71' lang='lat' dir='ltr'><strong>satzuounormoa</strong></span> <span class='ocrx_word' id='word_1_290' title='bbox 831 4011 1064 4076; x_wconf 60' lang='grc'><strong>(1181181889)</strong></span> <span class='ocrx_word' id='word_1_291' title='bbox 1098 4019 1174 4063; x_wconf 87' lang='lat' dir='ltr'><strong>antes</strong></span> <span class='ocrx_word' id='word_1_292' title='bbox 1200 4016 1268 4064; x_wconf 85' lang='lat' dir='ltr'><strong>mala</strong></span> <span class='ocrx_word' id='word_1_293' title='bbox 1297 4017 1403 4067; x_wconf 85' lang='lat' dir='ltr'><strong>omnino</strong></span> 
     </span>
     <span class='ocr_line' id='line_1_33' title="bbox 92 4105 1401 4172; baseline 0.005 -20"><span class='ocrx_word' id='word_1_294' title='bbox 92 4105 209 4158; x_wconf 87' lang='lat' dir='ltr'><strong>attributos</strong></span> <span class='ocrx_word' id='word_1_295' title='bbox 228 4105 306 4172; x_wconf 81' lang='lat' dir='ltr'><strong>Cotyi</strong></span> <span class='ocrx_word' id='word_1_296' title='bbox 324 4106 562 4171; x_wconf 83' lang='lat' dir='ltr'><strong>Rhescuporidiquc</strong></span> <span class='ocrx_word' id='word_1_297' title='bbox 586 4107 618 4156; x_wconf 88' lang='lat' dir='ltr'><strong>iis</strong></span> <span class='ocrx_word' id='word_1_298' title='bbox 643 4106 686 4171; x_wconf 92' lang='lat' dir='ltr'><strong>qui</strong></span> <span class='ocrx_word' id='word_1_299' title='bbox 710 4105 786 4155; x_wconf 91' lang='lat' dir='ltr'><strong>simul</strong></span> <span class='ocrx_word' id='word_1_300' title='bbox 809 4113 948 4170; x_wconf 77' lang='lat' dir='ltr'><strong>regnarunt</strong></span> <span class='ocrx_word' id='word_1_301' title='bbox 971 4105 1017 4156; x_wconf 90' lang='lat' dir='ltr'><strong>sub</strong></span> <span class='ocrx_word' id='word_1_302' title='bbox 1036 4107 1165 4171; x_wconf 84' lang='lat' dir='ltr'><strong>Augusto.</strong></span> <span class='ocrx_word' id='word_1_303' title='bbox 1203 4107 1271 4158; x_wconf 85' lang='lat' dir='ltr'><strong>Mihi</strong></span> <span class='ocrx_word' id='word_1_304' title='bbox 1293 4107 1401 4158; x_wconf 88' lang='lat' dir='ltr'><strong>dubium</strong></span> 
     </span>
     <span class='ocr_line' id='line_1_34' title="bbox 92 4193 1401 4266; baseline 0.006 -22"><span class='ocrx_word' id='word_1_305' title='bbox 92 4211 131 4247; x_wconf 89' lang='lat' dir='ltr'><strong>uon</strong></span> <span class='ocrx_word' id='word_1_306' title='bbox 152 4207 188 4249; x_wconf 83' lang='lat' dir='ltr'><strong>est</strong></span> <span class='ocrx_word' id='word_1_307' title='bbox 206 4199 291 4264; x_wconf 84' lang='lat' dir='ltr'><strong>Cotyn</strong></span> <span class='ocrx_word' id='word_1_308' title='bbox 315 4198 384 4250; x_wconf 87' lang='lat' dir='ltr'><strong>hunc</strong></span> <span class='ocrx_word' id='word_1_309' title='bbox 402 4193 604 4264; x_wconf 83' lang='lat' dir='ltr'><strong>Rhescuporidis</strong></span> <span class='ocrx_word' id='word_1_310' title='bbox 629 4199 710 4248; x_wconf 89' lang='lat' dir='ltr'><strong>tilium</strong></span> <span class='ocrx_word' id='word_1_311' title='bbox 729 4198 824 4248; x_wconf 77' lang='lat' dir='ltr'><strong>vixisse</strong></span> <span class='ocrx_word' id='word_1_312' title='bbox 848 4199 981 4264; x_wconf 88' lang='lat' dir='ltr'><strong>aliquanto</strong></span> <span class='ocrx_word' id='word_1_313' title='bbox 1007 4205 1066 4249; x_wconf 84' lang='lat' dir='ltr'><strong>ante</strong></span> <span class='ocrx_word' id='word_1_314' title='bbox 1088 4213 1119 4250; x_wconf 90' lang='lat' dir='ltr'><strong>aa</strong></span> <span class='ocrx_word' id='word_1_315' title='bbox 1138 4199 1170 4249; x_wconf 89' lang='lat' dir='ltr'><strong>de</strong></span> <span class='ocrx_word' id='word_1_316' title='bbox 1190 4199 1281 4264; x_wconf 91' lang='lat' dir='ltr'><strong>quibus</strong></span> <span class='ocrx_word' id='word_1_317' title='bbox 1301 4201 1401 4266; x_wconf 78' lang='lat' dir='ltr'><strong>agimm</strong></span> 
     </span>
     <span class='ocr_line' id='line_1_35' title="bbox 94 4299 199 4356; baseline 0.029 -18"><span class='ocrx_word' id='word_1_318' title='bbox 94 4299 199 4356; x_wconf 78' lang='lat' dir='ltr'><strong>tempora</strong></span> 
     </span>
    </p>

    <p class='ocr_par' dir='ltr' id='par_1_14' title="bbox 153 4381 380 4445">
     <span class='ocr_line' id='line_1_36' title="bbox 153 4381 380 4445; baseline -0.009 -11"><span class='ocrx_word' id='word_1_319' title='bbox 153 4381 380 4445; x_wconf 45' lang='lat' dir='ltr'><strong>&amp;MQW</strong></span> 
     </span>
    </p>

    <p class='ocr_par' dir='ltr' id='par_1_15' title="bbox 92 4474 1401 4726">
     <span class='ocr_line' id='line_1_37' title="bbox 152 4474 1401 4542; baseline 0.001 -15"><span class='ocrx_word' id='word_1_320' title='bbox 152 4474 174 4538; x_wconf 83' lang='lat'><strong>⁸)</strong></span> <span class='ocrx_word' id='word_1_321' title='bbox 197 4477 249 4527; x_wconf 92' lang='lat' dir='ltr'><strong>Dio</strong></span> <span class='ocrx_word' id='word_1_322' title='bbox 268 4477 286 4526; x_wconf 91' lang='grc'><strong>1.</strong></span> <span class='ocrx_word' id='word_1_323' title='bbox 300 4493 332 4537; x_wconf 89' lang='lat' dir='ltr'><strong>c.,</strong></span> <span class='ocrx_word' id='word_1_324' title='bbox 353 4475 387 4525; x_wconf 84' lang='lat' dir='ltr'><strong>ei.</strong></span> <span class='ocrx_word' id='word_1_325' title='bbox 401 4475 444 4535; x_wconf 86' lang='grc'><strong>54,</strong></span> <span class='ocrx_word' id='word_1_326' title='bbox 462 4475 505 4525; x_wconf 87' lang='grc'><strong>34.</strong></span> <span class='ocrx_word' id='word_1_327' title='bbox 535 4475 625 4526; x_wconf 75' lang='lat' dir='ltr'><strong>liuius</strong></span> <span class='ocrx_word' id='word_1_328' title='bbox 644 4482 682 4525; x_wconf 83' lang='lat' dir='ltr'><strong>est</strong></span> <span class='ocrx_word' id='word_1_329' title='bbox 700 4475 790 4524; x_wconf 89' lang='lat' dir='ltr'><strong>titulus</strong></span> <span class='ocrx_word' id='word_1_330' title='bbox 809 4476 918 4526; x_wconf 75' lang='grc'><strong>81838</strong></span> <span class='ocrx_word' id='word_1_331' title='bbox 939 4483 1053 4541; x_wconf 88' lang='lat' dir='ltr'><strong>repertus</strong></span> <span class='ocrx_word' id='word_1_332' title='bbox 1072 4476 1184 4527; x_wconf 90' lang='lat' dir='ltr'><strong>Athenis</strong></span> <span class='ocrx_word' id='word_1_333' title='bbox 1202 4477 1237 4527; x_wconf 92' lang='lat' dir='ltr'><strong>ad</strong></span> <span class='ocrx_word' id='word_1_334' title='bbox 1256 4478 1401 4542; x_wconf 85' lang='lat' dir='ltr'><strong>exemplum</strong></span> 
     </span>
     <span class='ocr_line' id='line_1_38' title="bbox 92 4563 1400 4635; baseline 0.006 -21"><span class='ocrx_word' id='word_1_335' title='bbox 92 4563 162 4616; x_wconf 76' lang='lat' dir='ltr'><strong>torui</strong></span> <span class='ocrx_word' id='word_1_336' title='bbox 181 4569 215 4619; x_wconf 90' lang='lat' dir='ltr'><strong>sic</strong></span> <span class='ocrx_word' id='word_1_337' title='bbox 234 4569 317 4619; x_wconf 87' lang='lat' dir='ltr'><strong>editus</strong></span> <span class='ocrx_word' id='word_1_338' title='bbox 336 4567 405 4633; x_wconf 90' lang='lat' dir='ltr'><strong>apud</strong></span> <span class='ocrx_word' id='word_1_339' title='bbox 421 4567 548 4617; x_wconf 80' lang='lat' dir='ltr'><strong>Adolfum</strong></span> <span class='ocrx_word' id='word_1_340' title='bbox 562 4567 666 4620; x_wconf 86' lang='lat' dir='ltr'><strong>Schoell</strong></span> <span class='ocrx_word' id='word_1_341' title='bbox 685 4565 811 4618; x_wconf 77' lang='lat' dir='ltr'><strong>archoeol.</strong></span> <span class='ocrx_word' id='word_1_342' title='bbox 827 4565 1021 4634; x_wconf 77' lang='lat' dir='ltr'><strong>Mittltca&#39;luayea</strong></span> <span class='ocrx_word' id='word_1_343' title='bbox 1040 4583 1087 4618; x_wconf 76' lang='lat' dir='ltr'><strong>msa</strong></span> <span class='ocrx_word' id='word_1_344' title='bbox 1107 4565 1291 4620; x_wconf 63' lang='lat' dir='ltr'><strong>&amp;lothariensi</strong></span> <span class='ocrx_word' id='word_1_345' title='bbox 1307 4586 1333 4635; x_wconf 89' lang='lat' dir='ltr'><strong>p.</strong></span> <span class='ocrx_word' id='word_1_346' title='bbox 1342 4567 1400 4622; x_wconf 83' lang='grc'><strong>’128</strong></span> 
     </span>
     <span class='ocr_line' id='line_1_39' title="bbox 99 4657 1306 4726; baseline 0.005 -21"><span class='ocrx_word' id='word_1_347' title='bbox 99 4657 212 4722; x_wconf 87' lang='lat' dir='ltr'><strong>aliquanto</strong></span> <span class='ocrx_word' id='word_1_348' title='bbox 239 4661 379 4712; x_wconf 88' lang='lat' dir='ltr'><strong>correctius</strong></span> <span class='ocrx_word' id='word_1_349' title='bbox 406 4675 482 4725; x_wconf 87' lang='lat' dir='ltr'><strong>quarn</strong></span> <span class='ocrx_word' id='word_1_350' title='bbox 510 4660 602 4724; x_wconf 87' lang='lat' dir='ltr'><strong>legitur</strong></span> <span class='ocrx_word' id='word_1_351' title='bbox 628 4661 655 4710; x_wconf 89' lang='lat' dir='ltr'><strong>in</strong></span> <span class='ocrx_word' id='word_1_352' title='bbox 676 4659 776 4726; x_wconf 85' lang='lat' dir='ltr'><strong>epham.</strong></span> <span class='ocrx_word' id='word_1_353' title='bbox 795 4660 923 4710; x_wconf 87' lang='lat' dir='ltr'><strong>archaeol.</strong></span> <span class='ocrx_word' id='word_1_354' title='bbox 937 4661 1091 4711; x_wconf 87' lang='lat' dir='ltr'><strong>Atheniensi</strong></span> <span class='ocrx_word' id='word_1_355' title='bbox 1112 4661 1306 4726; x_wconf 69' lang='grc'><strong>1833182361</strong></span> 
     </span>
    </p>
   </div>
   <div class='ocr_carea' id='block_1_11' title="bbox 470 4764 1047 4912">
    <p class='ocr_par' dir='ltr' id='par_1_16' title="bbox 470 4764 1047 4912">
     <span class='ocr_line' id='line_1_40' title="bbox 483 4764 985 4810; baseline -0.002 -2"><span class='ocrx_word' id='word_1_356' title='bbox 483 4766 605 4808; x_wconf 74' lang='grc' dir='ltr'><strong>ΒΑΕΙΛΕΑ</strong></span> <span class='ocrx_word' id='word_1_357' title='bbox 627 4764 836 4810; x_wconf 74' lang='grc' dir='ltr'><strong>ΡΑΣΚΟΥΠΟΗΝ</strong></span> <span class='ocrx_word' id='word_1_358' title='bbox 859 4765 985 4810; x_wconf 80' lang='grc' dir='ltr'>ΚΟΤΥΟΣ</span> 
     </span>
     <span class='ocr_line' id='line_1_41' title="bbox 470 4867 1047 4912; baseline 0.002 -2"><span class='ocrx_word' id='word_1_359' title='bbox 470 4867 583 4910; x_wconf 72' lang='grc' dir='ltr'><strong>ΑΡΕΤΗΣ</strong></span> <span class='ocrx_word' id='word_1_360' title='bbox 606 4867 722 4910; x_wconf 81' lang='grc' dir='ltr'>ΕΝΕΚΕΝ</span> <span class='ocrx_word' id='word_1_361' title='bbox 746 4867 803 4910; x_wconf 77' lang='grc' dir='ltr'><strong>ΤΗΣ</strong></span> <span class='ocrx_word' id='word_1_362' title='bbox 825 4867 867 4910; x_wconf 65' lang='lat' dir='ltr'><strong>Ei}</strong></span> <span class='ocrx_word' id='word_1_363' title='bbox 889 4868 994 4912; x_wconf 85' lang='grc' dir='ltr'><strong>ΕΑΤΟΝ</strong></span> <span class='ocrx_word' id='word_1_364' title='bbox 1016 4870 1047 4912; x_wconf 83' lang='lat' dir='ltr'><strong>tio</strong></span> 
     </span>
    </p>
   </div>
   <div class='ocr_carea' id='block_1_12' title="bbox 552 4968 913 5014">
    <p class='ocr_par' dir='ltr' id='par_1_17' title="bbox 552 4968 913 5014">
     <span class='ocr_line' id='line_1_42' title="bbox 552 4968 913 5014; baseline 0 -2"><span class='ocrx_word' id='word_1_365' title='bbox 552 4968 751 5013; x_wconf 72' lang='grc' dir='ltr'><strong>ΑΝΤΙΓΝΩΤΟΣ</strong></span> <span class='ocrx_word' id='word_1_366' title='bbox 773 4969 913 5014; x_wconf 73' lang='lat' dir='ltr'><strong>snoutott</strong></span> 
     </span>
    </p>
   </div>
   <div class='ocr_carea' id='block_1_13' title="bbox 93 5055 1399 5402">
    <p class='ocr_par' dir='ltr' id='par_1_18' title="bbox 94 5055 701 5121">
     <span class='ocr_line' id='line_1_43' title="bbox 94 5055 701 5121; baseline 0.008 -18"><span class='ocrx_word' id='word_1_367' title='bbox 94 5055 209 5109; x_wconf 81' lang='lat' dir='ltr'><strong>Artificem</strong></span> <span class='ocrx_word' id='word_1_368' title='bbox 228 5066 413 5111; x_wconf 87' lang='lat' dir='ltr'><strong>commemorat</strong></span> <span class='ocrx_word' id='word_1_369' title='bbox 432 5059 532 5110; x_wconf 87' lang='lat' dir='ltr'><strong>Plinius</strong></span> <span class='ocrx_word' id='word_1_370' title='bbox 552 5059 595 5121; x_wconf 86' lang='grc'><strong>34,</strong></span> <span class='ocrx_word' id='word_1_371' title='bbox 611 5061 636 5121; x_wconf 88' lang='grc'><strong>8,</strong></span> <span class='ocrx_word' id='word_1_372' title='bbox 658 5059 701 5108; x_wconf 87' lang='grc'><strong>86.</strong></span> 
     </span>
    </p>

    <p class='ocr_par' dir='ltr' id='par_1_19' title="bbox 93 5145 1399 5402">
     <span class='ocr_line' id='line_1_44' title="bbox 154 5145 1397 5218; baseline 0 -16"><span class='ocrx_word' id='word_1_373' title='bbox 154 5145 176 5210; x_wconf 75' lang='grc' dir='ltr'><strong>τ)</strong></span> <span class='ocrx_word' id='word_1_374' title='bbox 199 5151 250 5202; x_wconf 82' lang='grc' dir='ltr'><strong>Βίο</strong></span> <span class='ocrx_word' id='word_1_375' title='bbox 270 5152 313 5214; x_wconf 79' lang='grc'><strong>54,</strong></span> <span class='ocrx_word' id='word_1_376' title='bbox 335 5153 379 5202; x_wconf 91' lang='grc'><strong>34.</strong></span> <span class='ocrx_word' id='word_1_377' title='bbox 411 5154 440 5202; x_wconf 89' lang='lat' dir='ltr'><strong>L.</strong></span> <span class='ocrx_word' id='word_1_378' title='bbox 460 5153 531 5212; x_wconf 87' lang='lat' dir='ltr'><strong>Piso,</strong></span> <span class='ocrx_word' id='word_1_379' title='bbox 552 5153 595 5216; x_wconf 90' lang='lat' dir='ltr'><strong>qui</strong></span> <span class='ocrx_word' id='word_1_380' title='bbox 615 5165 646 5200; x_wconf 86' lang='grc' dir='ltr'><strong>8ο</strong></span> <span class='ocrx_word' id='word_1_381' title='bbox 665 5159 780 5216; x_wconf 87' lang='lat' dir='ltr'><strong>tempora</strong></span> <span class='ocrx_word' id='word_1_382' title='bbox 800 5152 908 5202; x_wconf 87' lang='lat' dir='ltr'><strong>rebelles</strong></span> <span class='ocrx_word' id='word_1_383' title='bbox 927 5153 1035 5218; x_wconf 83' lang='lat' dir='ltr'><strong>subegit,</strong></span> <span class='ocrx_word' id='word_1_384' title='bbox 1056 5153 1145 5204; x_wconf 83' lang='lat' dir='ltr'><strong>consul</strong></span> <span class='ocrx_word' id='word_1_385' title='bbox 1164 5159 1202 5204; x_wconf 84' lang='lat' dir='ltr'><strong>est</strong></span> <span class='ocrx_word' id='word_1_386' title='bbox 1221 5167 1244 5203; x_wconf 92' lang='grc'><strong>8.</strong></span> <span class='ocrx_word' id='word_1_387' title='bbox 1259 5169 1283 5202; x_wconf 92' lang='lat' dir='ltr'><strong>u.</strong></span> <span class='ocrx_word' id='word_1_388' title='bbox 1298 5167 1320 5202; x_wconf 88' lang='lat' dir='ltr'><strong>c.</strong></span> <span class='ocrx_word' id='word_1_389' title='bbox 1335 5153 1397 5203; x_wconf 85' lang='grc'><strong>733.</strong></span> 
     </span>
     <span class='ocr_line' id='line_1_45' title="bbox 93 5237 1399 5310; baseline 0.008 -25"><span class='ocrx_word' id='word_1_390' title='bbox 93 5237 132 5288; x_wconf 86' lang='lat' dir='ltr'><strong>llic</strong></span> <span class='ocrx_word' id='word_1_391' title='bbox 152 5249 186 5292; x_wconf 86' lang='lat' dir='ltr'><strong>est</strong></span> <span class='ocrx_word' id='word_1_392' title='bbox 201 5244 276 5306; x_wconf 83' lang='lat' dir='ltr'><strong>Piso,</strong></span> <span class='ocrx_word' id='word_1_393' title='bbox 301 5260 377 5310; x_wconf 87' lang='lat' dir='ltr'><strong>quem</strong></span> <span class='ocrx_word' id='word_1_394' title='bbox 396 5245 535 5308; x_wconf 87' lang='lat' dir='ltr'><strong>Antipater</strong></span> <span class='ocrx_word' id='word_1_395' title='bbox 553 5245 649 5308; x_wconf 87' lang='lat' dir='ltr'><strong>pariter</strong></span> <span class='ocrx_word' id='word_1_396' title='bbox 668 5253 744 5309; x_wconf 85' lang='lat' dir='ltr'><strong>utque</strong></span> <span class='ocrx_word' id='word_1_397' title='bbox 764 5245 848 5308; x_wconf 91' lang='lat' dir='ltr'><strong>Cotyn</strong></span> <span class='ocrx_word' id='word_1_398' title='bbox 868 5245 904 5309; x_wconf 92' lang='lat' dir='ltr'><strong>(p.</strong></span> <span class='ocrx_word' id='word_1_399' title='bbox 919 5246 973 5296; x_wconf 79' lang='grc'><strong>284</strong></span> <span class='ocrx_word' id='word_1_400' title='bbox 992 5244 1093 5308; x_wconf 74' lang='grc'><strong>811114)</strong></span> <span class='ocrx_word' id='word_1_401' title='bbox 1116 5247 1143 5296; x_wconf 86' lang='grc'><strong>111</strong></span> <span class='ocrx_word' id='word_1_402' title='bbox 1162 5244 1318 5297; x_wconf 88' lang='lat' dir='ltr'><strong>carminibus</strong></span> <span class='ocrx_word' id='word_1_403' title='bbox 1340 5259 1399 5310; x_wconf 85' lang='lat' dir='ltr'><strong>pas·</strong></span> 
     </span>
     <span class='ocr_line' id='line_1_46' title="bbox 94 5329 595 5402; baseline 0.012 -22"><span class='ocrx_word' id='word_1_404' title='bbox 94 5329 131 5380; x_wconf 82' lang='lat' dir='ltr'><strong>tim</strong></span> <span class='ocrx_word' id='word_1_405' title='bbox 148 5335 254 5386; x_wconf 84' lang='lat' dir='ltr'><strong>celebrat</strong></span> <span class='ocrx_word' id='word_1_406' title='bbox 271 5335 305 5386; x_wconf 94' lang='lat' dir='ltr'><strong>ob</strong></span> <span class='ocrx_word' id='word_1_407' title='bbox 323 5351 365 5387; x_wconf 86' lang='lat' dir='ltr'><strong>ros</strong></span> <span class='ocrx_word' id='word_1_408' title='bbox 384 5335 485 5387; x_wconf 83' lang='lat' dir='ltr'><strong>fortiter</strong></span> <span class='ocrx_word' id='word_1_409' title='bbox 503 5343 595 5402; x_wconf 86' lang='lat' dir='ltr'><strong>gestas.</strong></span> 
     </span>
    </p>
   </div>
   <div class='ocr_carea' id='block_1_14' title="bbox 0 0 1756 6004">
    <p class='ocr_par' dir='ltr' id='par_1_20' title="bbox 0 0 1756 6004">
     <span class='ocr_line' id='line_1_47' title="bbox 0 0 1756 6004; baseline 0 5"><span class='ocrx_word' id='word_1_410' title='bbox 0 0 1756 6004; x_wconf 95' lang='lat' dir='ltr'><strong> </strong></span> 
     </span>
    </p>
   </div>
  </div>
 </body>
</html>
