3484 6006
351 641 423 710 352
793 659 1071 711 nnnmnuauns
1088 659 1175 710 iton.
1190 660 1234 710 111

351 761 588 769 -——.---—-
599 761 862 770 -....--.-—-..—·—.

836 996 1022 1059 uors1on
1044 998 1089 1075 (p.
1107 997 1192 1074 aar).

353 1153 423 1214 572
446 1155 484 1212 ad
506 1175 534 1213 n.
552 1156 642 1214 3015.
688 1153 823 1216 Schedae
838 1155 1129 1232 Kukuijovichianae
1151 1155 1229 1214 aliae
1252 1154 1409 1213 discedunt
1433 1157 1464 1214 in
1487 1155 1551 1214 uis:
1574 1156 1592 1213 5
1613 1173 1671 1213 nst-

394 1275 501 1316 cstuss
517 1292 554 1301 -
572 1257 590 1316 6
614 1275 705 1316 avus
721 1292 758 1300 -
776 1261 793 1316 7
817 1262 1019 1320 roavcotivs

954 1647 1086 1723 Tepulae.

350 1806 420 1866 573
444 1806 582 1865 Andetrii
611 1807 674 1864 siue
702 1805 790 1864 Much
820 1805 911 1880 [mus.
940 1801 1054 1882 Spalat.
1083 1825 1120 1864 ex
1150 1804 1230 1863 dono
1257 1806 1382 1884 parochi
1411 1807 1477 1864 eius
1507 1806 1569 1864 loci
1596 1805 1673 1865 Mioh.

393 1909 527 1985 Granii}

881 2037 1151 2087 coemit-va·

351 2151 489 2212 Glavinii
511 2153 604 2211 misit.
1727 2225 1728 2236 χ

392 2255 469 2314 Vide
492 2275 569 2332 quae
591 2255 670 2312 dicta
693 2263 762 2311 sunt
784 2251 820 2311 de
842 2252 965 2310 cohorte
987 2253 1043 2310 hac
1065 2252 1238 2311 Dalmatiae
1259 2252 1447 2330 praesidente
1476 2253 1550 2310 add.
1573 2274 1602 2312 n.
1619 2253 1675 2310 511.

350 2465 422 2528 574
445 2465 565 2528 Salonis
592 2486 654 2546 rep.
681 2467 770 2526 1874.

876 2619 895 2662 C
911 2635 917 2647 ·
934 2619 1003 2664 oret
1019 2633 1026 2646 ·
1042 2617 1148 2662 vastat

350 2742 493 2804 Glavinii
514 2745 682 2820 descripsit.

750 3681 1006 3758 PANNONIA
1031 3679 1276 3760 INFERIOR.

392 3903 566 3962 Pannoniae
581 3902 732 3961 inferioris
747 3905 843 3962 titulis
859 3923 935 3979 quae
950 3903 1077 3961 habeam
1093 3903 1231 3961 addenda
1246 3911 1404 3978 antequam
1421 3919 1592 3978 exponam,
1604 3918 1678 3978 quae

349 4005 418 4063 dam
444 4003 661 4080 praemittenda
683 4017 751 4064 sunt
773 4026 838 4066 cum
861 4007 898 4064 de
920 4005 1109 4064 collectaneis
1131 4005 1267 4063 liicianis
1290 4013 1353 4062 tum
1376 4005 1412 4062 de
1435 4005 1679 4082 inscriptionibus

349 4112 379 4164 in
402 4124 535 4164 museum
558 4105 738 4165 Pestinense
761 4108 879 4168 delatis.

391 4207 516 4283 Agrami
550 4210 677 4266 moranti
711 4211 782 4269 mihi
819 4213 956 4271 exhibuit
987 4211 1241 4286 Kukuijeuichius
1275 4208 1460 4268 collectanea
1497 4211 1601 4270 missa
1635 4207 1681 4265 sibi

348 4329 374 4368 a.
412 4309 490 4368 1873
520 4329 538 4367 a
567 4309 651 4368 Luca
684 4311 738 4370 lut
770 4312 956 4372 Oriovianin
989 4333 1084 4389 eaque
1117 4323 1156 4396 ut
1182 4319 1353 4371 excuterem
1386 4314 1539 4388 permisit.
1586 4313 1682 4370 Insunt

347 4412 378 4470 in
412 4412 449 4470 iis
483 4412 562 4470 tituli
584 4413 837 4486 Mitrovitzenscs,
871 4434 946 4492 quoa
970 4416 1074 4474 Iliciua
1108 4415 1150 4473 ait
1182 4432 1214 4471 se
1241 4414 1410 4489 excepisse,
1445 4423 1574 4490 praeter
1596 4414 1681 4473 editos

350 4519 492 4589 quattuor
525 4512 568 4588 (n.
593 4515 682 4574 3232.
708 4515 799 4575 3234.
824 4517 902 4576 3241
935 4517 1072 4588 Latinos,
1107 4515 1259 4574 Graecum
1280 4515 1400 4575 Balteo.
1424 4515 1491 4575 uett’
1517 4521 1587 4576 inat.
1613 4511 1681 4574 1363

348 4635 377 4692 p.
405 4616 478 4689 143)
512 4613 617 4675 inediti
651 4619 792 4695 quinque,
828 4619 898 4678 item
932 4620 993 4690 alii,
1026 4639 1153 4696 quorum
1186 4627 1339 4676 auctorem
1371 4617 1474 4676 laudat
1499 4619 1681 4678 Matthaeum

347 4717 526 4794 Topalovii„
549 4721 666 4796 excepti
689 4722 861 4780 Mikanovci
886 4721 950 4798 (2),
978 4722 1134 4780 Ivankovo
1158 4721 1217 4798 (3),
1243 4719 1357 4779 Virori.
1372 4719 1432 4797 (2),
1453 4719 1609 4781 Novoseii
1632 4721 1644 4796 (
1665 4721 1682 4792 >2

347 4824 399 4895 qni
422 4830 491 4879 sunt
512 4822 582 4898 pagi
607 4827 671 4901 agri
695 4821 875 4895 Cibalensis,
909 4824 959 4881 alii
992 4825 1130 4900 denique,
1162 4841 1288 4900 quorum
1319 4833 1468 4881 auctorem
1490 4822 1601 4880 laudat
1623 4819 1681 4880 ste-

346 4922 477 4999 phanum
499 4925 695 5000 Marjauovii‚
719 4928 837 5002 excepti
859 4927 995 5016 Lipovac
1011 4925 1069 5002 (2),
1093 4927 1226 4984 Morovit
1243 4925 1301 5000 (3),
1326 4923 1509 4984 Slankamen
1527 4925 1589 5000 (4),
1612 4923 1683 4982 Kor-

346 5025 439 5084 lovitz
455 5026 513 5104 (4),
537 5029 587 5104 qui
612 5038 682 5087 sunt
703 5030 774 5108 pagi
796 5029 938 5088 territorii
954 5027 1136 5088 Sirmiensis
1181 5026 1299 5086 Deinde
1320 5028 1399 5086 idem
1420 5027 1524 5085 Ilicius
1548 5047 1606 5104 per
1627 5023 1682 5082 col·

234 5153 236 5158 ·
346 5127 444 5205 legam
467 5149 566 5188 meum
589 5131 734 5208 Iagicium
759 5151 875 5192 mecum
898 5131 1128 5190 communicavit
1149 5129 1254 5188 titulos
1276 5129 1374 5188 editos
1397 5129 1466 5188 hos:
1489 5127 1683 5187 Daruvaren·

346 5249 395 5290 see
417 5237 563 5308 genuinos
587 5253 615 5290 n.
632 5235 723 5294 3398.
741 5235 832 5306 3999,
856 5244 1013 5311 suspectos
1036 5231 1124 5292 antea
1145 5231 1204 5289 iam
1220 5241 1307 5290 notos
1329 5251 1358 5291 n.
1376 5229 1461 5291 204³.
1477 5229 1558 5289 205*
1581 5247 1680 5306 quem·

344 5349 403 5408 que
426 5333 507 5394 edidi
530 5336 568 5394 ad
590 5355 618 5394 n.
636 5335 727 5409 3998,
749 5337 820 5394 item
837 5333 1084 5394 Vukovurensem
1107 5355 1136 5394 n.
1154 5333 1245 5408 6450,
1268 5333 1398 5394 ineditos
1415 5341 1512 5394 autem
1530 5347 1572 5391 ex
1586 5328 1681 5390 Dobri
