<?xml version="1.0" encoding="UTF-8"?>
<!DOCTYPE html PUBLIC "-//W3C//DTD XHTML 1.0 Transitional//EN"
    "http://www.w3.org/TR/xhtml1/DTD/xhtml1-transitional.dtd">
<html xmlns="http://www.w3.org/1999/xhtml" xml:lang="en" lang="en">
 <head>
  <title>
</title>
<meta http-equiv="Content-Type" content="text/html;charset=utf-8" />
  <meta name='ocr-system' content='tesseract 3.04.00' />
  <meta name='ocr-capabilities' content='ocr_page ocr_carea ocr_par ocr_line ocrx_word'/>
</head>
<body>
  <div class='ocr_page' id='page_1' title='image "./ephemerisepigra09instgoog_0063.png"; bbox 0 0 3548 6012; ppageno 0'>
   <div class='ocr_carea' id='block_1_1' title="bbox 966 615 1117 678">
    <p class='ocr_par' dir='ltr' id='par_1_1' title="bbox 966 615 1117 678">
     <span class='ocr_line' id='line_1_1' title="bbox 966 615 1117 678; baseline 0.026 -3"><span class='ocrx_word' id='word_1_1' title='bbox 966 615 1117 678; x_wconf 79' lang='lat' dir='ltr'>HUBNER</span> 
     </span>
    </p>
   </div>
   <div class='ocr_carea' id='block_1_2' title="bbox 374 793 1760 4877">
    <p class='ocr_par' dir='ltr' id='par_1_2' title="bbox 374 793 1760 4877">
     <span class='ocr_line' id='line_1_2' title="bbox 619 793 1760 879; baseline 0.006 -25"><span class='ocrx_word' id='word_1_2' title='bbox 619 793 762 856; x_wconf 79' lang='lat' dir='ltr'><strong>Genavae</strong></span> <span class='ocrx_word' id='word_1_3' title='bbox 783 797 952 856; x_wconf 76' lang='lat' dir='ltr'><strong>Mommsen</strong></span> <span class='ocrx_word' id='word_1_4' title='bbox 973 797 1068 858; x_wconf 83' lang='lat' dir='ltr'><strong>Insor.</strong></span> <span class='ocrx_word' id='word_1_5' title='bbox 1083 797 1171 858; x_wconf 80' lang='lat' dir='ltr'><strong>Helu.</strong></span> <span class='ocrx_word' id='word_1_6' title='bbox 1189 799 1254 876; x_wconf 82' lang='grc'>65),</span> <span class='ocrx_word' id='word_1_7' title='bbox 1277 818 1356 877; x_wconf 87' lang='lat' dir='ltr'><strong>quae</strong></span> <span class='ocrx_word' id='word_1_8' title='bbox 1377 800 1520 860; x_wconf 81' lang='lat' dir='ltr'><strong>facillime</strong></span> <span class='ocrx_word' id='word_1_9' title='bbox 1541 819 1609 860; x_wconf 91' lang='lat' dir='ltr'><strong>cum</strong></span> <span class='ocrx_word' id='word_1_10' title='bbox 1632 801 1707 879; x_wconf 79' lang='lat' dir='ltr'><strong>Ulpii</strong></span> <span class='ocrx_word' id='word_1_11' title='bbox 1759 865 1760 868; x_wconf 8' lang='grc' dir='ltr'><strong>Ἴ</strong></span> 
     </span>
     <span class='ocr_line' id='line_1_3' title="bbox 619 899 1707 980; baseline 0.006 -24"><span class='ocrx_word' id='word_1_12' title='bbox 619 899 762 958; x_wconf 82' lang='lat' dir='ltr'><strong>confundi</strong></span> <span class='ocrx_word' id='word_1_13' title='bbox 784 907 955 976; x_wconf 87' lang='lat' dir='ltr'><strong>potuerunt,</strong></span> <span class='ocrx_word' id='word_1_14' title='bbox 977 900 1057 978; x_wconf 91' lang='lat' dir='ltr'><strong>quod</strong></span> <span class='ocrx_word' id='word_1_15' title='bbox 1076 903 1215 980; x_wconf 86' lang='lat' dir='ltr'><strong>componi</strong></span> <span class='ocrx_word' id='word_1_16' title='bbox 1230 903 1329 979; x_wconf 85' lang='lat' dir='ltr'><strong>poesit</strong></span> <span class='ocrx_word' id='word_1_17' title='bbox 1344 903 1442 964; x_wconf 84' lang='lat' dir='ltr'><strong>colum</strong></span> <span class='ocrx_word' id='word_1_18' title='bbox 1457 912 1598 980; x_wconf 86' lang='lat' dir='ltr'><strong>superest</strong></span> <span class='ocrx_word' id='word_1_19' title='bbox 1615 903 1707 962; x_wconf 58' lang='lat' dir='ltr'><strong>illiue</strong></span> 
     </span>
     <span class='ocr_line' id='line_1_4' title="bbox 618 996 1707 1084; baseline 0.006 -25"><span class='ocrx_word' id='word_1_20' title='bbox 618 1019 727 1060; x_wconf 89' lang='lat' dir='ltr'><strong>nomen</strong></span> <span class='ocrx_word' id='word_1_21' title='bbox 754 1021 821 1062; x_wconf 90' lang='lat' dir='ltr'><strong>cum</strong></span> <span class='ocrx_word' id='word_1_22' title='bbox 849 1002 1000 1062; x_wconf 83' lang='lat' dir='ltr'><strong>derivatis.</strong></span> <span class='ocrx_word' id='word_1_23' title='bbox 1044 1002 1125 1062; x_wconf 93' lang='lat' dir='ltr'><strong>Illud</strong></span> <span class='ocrx_word' id='word_1_24' title='bbox 1151 1005 1160 1062; x_wconf 92' lang='lat' dir='ltr'><strong>i</strong></span> <span class='ocrx_word' id='word_1_25' title='bbox 1187 1005 1307 1084; x_wconf 85' lang='lat' dir='ltr'><strong>longam</strong></span> <span class='ocrx_word' id='word_1_26' title='bbox 1334 1006 1426 1066; x_wconf 91' lang='lat' dir='ltr'><strong>habet</strong></span> <span class='ocrx_word' id='word_1_27' title='bbox 1451 1015 1483 1065; x_wconf 90' lang='lat' dir='ltr'><strong>ut</strong></span> <span class='ocrx_word' id='word_1_28' title='bbox 1509 996 1707 1080; x_wconf 58' lang='lat' dir='ltr'><strong>Odcadrruvc&#39;a</strong></span> 
     </span>
     <span class='ocr_line' id='line_1_5' title="bbox 619 1099 1760 1186; baseline 0.004 -25"><span class='ocrx_word' id='word_1_29' title='bbox 619 1122 636 1161; x_wconf 91' lang='lat' dir='ltr'><strong>e</strong></span> <span class='ocrx_word' id='word_1_30' title='bbox 661 1103 796 1182; x_wconf 81' lang='lat' dir='ltr'><strong>Vib(e)aa</strong></span> <span class='ocrx_word' id='word_1_31' title='bbox 819 1111 918 1164; x_wconf 88' lang='lat' dir='ltr'><strong>autem</strong></span> <span class='ocrx_word' id='word_1_32' title='bbox 944 1105 1037 1182; x_wconf 82' lang='lat' dir='ltr'><strong>Vipac</strong></span> <span class='ocrx_word' id='word_1_33' title='bbox 1059 1105 1094 1182; x_wconf 83' lang='lat' dir='ltr'><strong>(b</strong></span> <span class='ocrx_word' id='word_1_34' title='bbox 1117 1113 1185 1166; x_wconf 83' lang='lat' dir='ltr'><strong>ante</strong></span> <span class='ocrx_word' id='word_1_35' title='bbox 1208 1126 1222 1167; x_wconf 83' lang='lat' dir='ltr'><strong>a</strong></span> <span class='ocrx_word' id='word_1_36' title='bbox 1243 1108 1317 1185; x_wconf 82' lang='lat' dir='ltr'><strong>inp</strong></span> <span class='ocrx_word' id='word_1_37' title='bbox 1338 1109 1471 1186; x_wconf 85' lang='lat' dir='ltr'><strong>mutata)</strong></span> <span class='ocrx_word' id='word_1_38' title='bbox 1493 1117 1572 1168; x_wconf 82' lang='lat' dir='ltr'><strong>recte</strong></span> <span class='ocrx_word' id='word_1_39' title='bbox 1595 1117 1707 1168; x_wconf 87' lang='lat' dir='ltr'><strong>eontra·</strong></span> <span class='ocrx_word' id='word_1_40' title='bbox 1759 1099 1760 1110; x_wconf 45' lang='lat'>¹</span> 
     </span>
     <span class='ocr_line' id='line_1_6' title="bbox 619 1205 1707 1288; baseline 0.006 -25"><span class='ocrx_word' id='word_1_41' title='bbox 619 1205 707 1266; x_wconf 89' lang='lat' dir='ltr'><strong>bitur.</strong></span> <span class='ocrx_word' id='word_1_42' title='bbox 751 1206 870 1266; x_wconf 86' lang='lat' dir='ltr'>Deinde</span> <span class='ocrx_word' id='word_1_43' title='bbox 892 1205 1025 1283; x_wconf 87' lang='lat' dir='ltr'><strong>eVipsa</strong></span> <span class='ocrx_word' id='word_1_44' title='bbox 1046 1227 1100 1284; x_wconf 88' lang='lat' dir='ltr'><strong>per</strong></span> <span class='ocrx_word' id='word_1_45' title='bbox 1122 1219 1148 1268; x_wconf 81' lang='lat' dir='ltr'><strong>ct</strong></span> <span class='ocrx_word' id='word_1_46' title='bbox 1167 1210 1216 1268; x_wconf 85' lang='lat' dir='ltr'><strong>vel</strong></span> <span class='ocrx_word' id='word_1_47' title='bbox 1237 1214 1260 1268; x_wconf 86' lang='lat' dir='ltr'><strong>it</strong></span> <span class='ocrx_word' id='word_1_48' title='bbox 1280 1211 1436 1284; x_wconf 84' lang='lat' dir='ltr'><strong>suffixum,</strong></span> <span class='ocrx_word' id='word_1_49' title='bbox 1459 1211 1495 1270; x_wconf 85' lang='lat' dir='ltr'><strong>de</strong></span> <span class='ocrx_word' id='word_1_50' title='bbox 1517 1229 1578 1288; x_wconf 89' lang='lat' dir='ltr'><strong>quo</strong></span> <span class='ocrx_word' id='word_1_51' title='bbox 1602 1211 1707 1270; x_wconf 88' lang='lat' dir='ltr'><strong>dictum</strong></span> 
     </span>
     <span class='ocr_line' id='line_1_7' title="bbox 619 1307 1760 1398; baseline 0.004 -32"><span class='ocrx_word' id='word_1_52' title='bbox 619 1318 676 1368; x_wconf 88' lang='lat' dir='ltr'><strong>cst.</strong></span> <span class='ocrx_word' id='word_1_53' title='bbox 691 1309 722 1368; x_wconf 92' lang='lat' dir='ltr'><strong>in</strong></span> <span class='ocrx_word' id='word_1_54' title='bbox 745 1307 905 1386; x_wconf 86' lang='lat' dir='ltr'><strong>Calpetani</strong></span> <span class='ocrx_word' id='word_1_55' title='bbox 931 1311 1069 1383; x_wconf 88' lang='lat' dir='ltr'><strong>nomine,</strong></span> <span class='ocrx_word' id='word_1_56' title='bbox 1096 1310 1212 1390; x_wconf 80' lang='lat' dir='ltr'><strong>Vipsitu</strong></span> <span class='ocrx_word' id='word_1_57' title='bbox 1233 1313 1297 1372; x_wconf 86' lang='lat' dir='ltr'><strong>fieri</strong></span> <span class='ocrx_word' id='word_1_58' title='bbox 1318 1315 1417 1392; x_wconf 86' lang='lat' dir='ltr'><strong>potuit</strong></span> <span class='ocrx_word' id='word_1_59' title='bbox 1437 1313 1566 1390; x_wconf 83' lang='lat' dir='ltr'>indeque</span> <span class='ocrx_word' id='word_1_60' title='bbox 1590 1313 1708 1390; x_wconf 63' lang='lat' dir='ltr'><strong>lupun·</strong></span> <span class='ocrx_word' id='word_1_61' title='bbox 1759 1349 1760 1398; x_wconf 65' lang='lat'><em>}</em></span> 
     </span>
     <span class='ocr_line' id='line_1_8' title="bbox 619 1410 1760 1490; baseline 0.004 -20"><span class='ocrx_word' id='word_1_62' title='bbox 619 1421 720 1483; x_wconf 74' lang='lat' dir='ltr'><strong>tanen,</strong></span> <span class='ocrx_word' id='word_1_63' title='bbox 747 1419 781 1470; x_wconf 89' lang='lat' dir='ltr'><strong>ut</strong></span> <span class='ocrx_word' id='word_1_64' title='bbox 801 1421 921 1490; x_wconf 88' lang='lat' dir='ltr'><strong>praeter</strong></span> <span class='ocrx_word' id='word_1_65' title='bbox 947 1410 1069 1488; x_wconf 81' lang='lat' dir='ltr'><strong>Opsium</strong></span> <span class='ocrx_word' id='word_1_66' title='bbox 1092 1412 1243 1490; x_wconf 81' lang='lat' dir='ltr'><strong>Opcidium</strong></span> <span class='ocrx_word' id='word_1_67' title='bbox 1264 1416 1413 1476; x_wconf 89' lang='lat' dir='ltr'><strong>Amiterni</strong></span> <span class='ocrx_word' id='word_1_68' title='bbox 1435 1423 1466 1474; x_wconf 87' lang='lat' dir='ltr'><strong>et</strong></span> <span class='ocrx_word' id='word_1_69' title='bbox 1487 1415 1604 1475; x_wconf 71' lang='lat' dir='ltr'><strong>Aueiae</strong></span> <span class='ocrx_word' id='word_1_70' title='bbox 1626 1416 1709 1475; x_wconf 86' lang='lat' dir='ltr'><strong>etiam</strong></span> <span class='ocrx_word' id='word_1_71' title='bbox 1759 1413 1760 1420; x_wconf 63' lang='lat'><em>&#39;</em></span> 
     </span>
     <span class='ocr_line' id='line_1_9' title="bbox 623 1513 1709 1596; baseline 0.002 -24"><span class='ocrx_word' id='word_1_72' title='bbox 623 1513 793 1590; x_wconf 83' lang='lat' dir='ltr'><strong>Opcturium</strong></span> <span class='ocrx_word' id='word_1_73' title='bbox 818 1534 927 1576; x_wconf 90' lang='lat' dir='ltr'><strong>nomen</strong></span> <span class='ocrx_word' id='word_1_74' title='bbox 954 1514 1120 1593; x_wconf 86' lang='lat' dir='ltr'><strong>reperimus</strong></span> <span class='ocrx_word' id='word_1_75' title='bbox 1150 1515 1174 1574; x_wconf 93' lang='lat' dir='ltr'><strong>l.</strong></span> <span class='ocrx_word' id='word_1_76' title='bbox 1197 1516 1238 1576; x_wconf 89' lang='lat' dir='ltr'><strong>N.</strong></span> <span class='ocrx_word' id='word_1_77' title='bbox 1260 1518 1351 1577; x_wconf 81' lang='lat'><strong>5763.</strong></span> <span class='ocrx_word' id='word_1_78' title='bbox 1375 1517 1457 1578; x_wconf 84' lang='lat'>5990</span> <span class='ocrx_word' id='word_1_79' title='bbox 1487 1517 1542 1594; x_wconf 83' lang='lat' dir='ltr'><strong>(cl.</strong></span> <span class='ocrx_word' id='word_1_80' title='bbox 1571 1537 1651 1596; x_wconf 89' lang='lat' dir='ltr'><strong>quae</strong></span> <span class='ocrx_word' id='word_1_81' title='bbox 1677 1519 1709 1574; x_wconf 86' lang='lat' dir='ltr'><strong>de</strong></span> 
     </span>
     <span class='ocr_line' id='line_1_10' title="bbox 625 1614 1708 1694; baseline 0.002 -20"><span class='ocrx_word' id='word_1_82' title='bbox 625 1614 733 1694; x_wconf 81' lang='lat' dir='ltr'><strong>Opatra</strong></span> <span class='ocrx_word' id='word_1_83' title='bbox 757 1617 846 1677; x_wconf 76' lang='lat' dir='ltr'><strong>Ostra</strong></span> <span class='ocrx_word' id='word_1_84' title='bbox 870 1617 975 1676; x_wconf 81' lang='lat' dir='ltr'><strong>formis</strong></span> <span class='ocrx_word' id='word_1_85' title='bbox 1004 1614 1174 1678; x_wconf 82' lang='lat' dir='ltr'><strong>Oorseeuus</strong></span> <span class='ocrx_word' id='word_1_86' title='bbox 1201 1619 1292 1679; x_wconf 85' lang='lat' dir='ltr'><strong>habet</strong></span> <span class='ocrx_word' id='word_1_87' title='bbox 1318 1621 1348 1680; x_wconf 89' lang='lat' dir='ltr'><strong>iu</strong></span> <span class='ocrx_word' id='word_1_88' title='bbox 1370 1619 1486 1681; x_wconf 89' lang='lat' dir='ltr'><strong>Kubnii</strong></span> <span class='ocrx_word' id='word_1_89' title='bbox 1513 1620 1708 1680; x_wconf 86' lang='lat' dir='ltr'><strong>annalibus3</strong></span> 
     </span>
     <span class='ocr_line' id='line_1_11' title="bbox 619 1719 1709 1800; baseline 0.003 -23"><span class='ocrx_word' id='word_1_90' title='bbox 619 1739 649 1797; x_wconf 92' lang='lat' dir='ltr'><strong>p.</strong></span> <span class='ocrx_word' id='word_1_91' title='bbox 666 1719 757 1797; x_wconf 77' lang='lat'>249),</span> <span class='ocrx_word' id='word_1_92' title='bbox 784 1739 913 1798; x_wconf 86' lang='lat' dir='ltr'><strong>quocum</strong></span> <span class='ocrx_word' id='word_1_93' title='bbox 943 1722 1147 1798; x_wconf 80' lang='lat' dir='ltr'><strong>comparanda</strong></span> <span class='ocrx_word' id='word_1_94' title='bbox 1168 1722 1359 1800; x_wconf 79' lang='lat' dir='ltr'><strong>Apacillcuua</strong></span> <span class='ocrx_word' id='word_1_95' title='bbox 1386 1733 1417 1781; x_wconf 90' lang='lat' dir='ltr'><strong>et</strong></span> <span class='ocrx_word' id='word_1_96' title='bbox 1443 1723 1615 1800; x_wconf 79' lang='lat' dir='ltr'><strong>Apatidiua,</strong></span> <span class='ocrx_word' id='word_1_97' title='bbox 1644 1725 1709 1782; x_wconf 87' lang='lat' dir='ltr'><strong>item</strong></span> 
     </span>
     <span class='ocr_line' id='line_1_12' title="bbox 619 1821 1707 1904; baseline 0.003 -25"><span class='ocrx_word' id='word_1_98' title='bbox 619 1821 740 1902; x_wconf 82' lang='lat' dir='ltr'><strong>linguae</strong></span> <span class='ocrx_word' id='word_1_99' title='bbox 756 1831 891 1883; x_wconf 84' lang='lat' dir='ltr'><strong>vetustae</strong></span> <span class='ocrx_word' id='word_1_100' title='bbox 911 1823 1025 1884; x_wconf 80' lang='lat' dir='ltr'><strong>formae</strong></span> <span class='ocrx_word' id='word_1_101' title='bbox 1040 1825 1122 1884; x_wconf 81' lang='lat' dir='ltr'><strong>velut</strong></span> <span class='ocrx_word' id='word_1_102' title='bbox 1136 1828 1299 1902; x_wconf 74' lang='lat' dir='ltr'><strong>porcestrie</strong></span> <span class='ocrx_word' id='word_1_103' title='bbox 1312 1824 1394 1902; x_wconf 87' lang='lat' dir='ltr'><strong>apud</strong></span> <span class='ocrx_word' id='word_1_104' title='bbox 1411 1823 1567 1885; x_wconf 78' lang='lat' dir='ltr'><strong>Afranium</strong></span> <span class='ocrx_word' id='word_1_105' title='bbox 1591 1825 1637 1904; x_wconf 86' lang='lat' dir='ltr'><strong>(p.</strong></span> <span class='ocrx_word' id='word_1_106' title='bbox 1656 1825 1707 1883; x_wconf 87' lang='lat'><strong>161</strong></span> 
     </span>
     <span class='ocr_line' id='line_1_13' title="bbox 619 1924 735 2002; baseline -0.001 -18"><span class='ocrx_word' id='word_1_107' title='bbox 619 1924 735 2002; x_wconf 74' lang='lat' dir='ltr'><strong>Rieu).</strong></span> 
     </span>
     <span class='ocr_line' id='line_1_14' title="bbox 374 2023 1760 2108; baseline 0 -20"><span class='ocrx_word' id='word_1_108' title='bbox 374 2023 534 2088; x_wconf 73' lang='lat' dir='ltr'><strong>*Vraauvs</strong></span> <span class='ocrx_word' id='word_1_109' title='bbox 632 2027 758 2086; x_wconf 83' lang='lat' dir='ltr'><strong>Vircuue</strong></span> <span class='ocrx_word' id='word_1_110' title='bbox 780 2026 946 2105; x_wconf 80' lang='lat' dir='ltr'><strong>Amplictuc</strong></span> <span class='ocrx_word' id='word_1_111' title='bbox 969 2029 1150 2108; x_wconf 75' lang='lat' dir='ltr'><strong>archigallus</strong></span> <span class='ocrx_word' id='word_1_112' title='bbox 1173 2029 1307 2108; x_wconf 86' lang='lat' dir='ltr'><strong>m(atris)</strong></span> <span class='ocrx_word' id='word_1_113' title='bbox 1330 2029 1449 2108; x_wconf 90' lang='lat' dir='ltr'><strong>d(eum)</strong></span> <span class='ocrx_word' id='word_1_114' title='bbox 1471 2028 1599 2108; x_wconf 86' lang='lat' dir='ltr'><strong>Capuae</strong></span> <span class='ocrx_word' id='word_1_115' title='bbox 1629 2031 1654 2090; x_wconf 94' lang='lat' dir='ltr'><strong>l.</strong></span> <span class='ocrx_word' id='word_1_116' title='bbox 1673 2028 1709 2088; x_wconf 87' lang='lat' dir='ltr'><strong>N.</strong></span> <span class='ocrx_word' id='word_1_117' title='bbox 1759 2079 1760 2082; x_wconf 63' lang='lat'>,</span> 
     </span>
     <span class='ocr_line' id='line_1_15' title="bbox 706 2129 1760 2214; baseline 0.002 -25"><span class='ocrx_word' id='word_1_118' title='bbox 706 2129 797 2190; x_wconf 83' lang='lat'><strong>3583.</strong></span> <span class='ocrx_word' id='word_1_119' title='bbox 839 2129 945 2191; x_wconf 83' lang='lat' dir='ltr'><strong>Lectio</strong></span> <span class='ocrx_word' id='word_1_120' title='bbox 968 2149 1027 2192; x_wconf 89' lang='lat' dir='ltr'><strong>non</strong></span> <span class='ocrx_word' id='word_1_121' title='bbox 1049 2140 1145 2206; x_wconf 85' lang='lat' dir='ltr'><strong>certa;</strong></span> <span class='ocrx_word' id='word_1_122' title='bbox 1169 2133 1297 2192; x_wconf 80' lang='lat' dir='ltr'><strong>traditur</strong></span> <span class='ocrx_word' id='word_1_123' title='bbox 1318 2133 1408 2192; x_wconf 86' lang='lat' dir='ltr'><strong>etiam</strong></span> <span class='ocrx_word' id='word_1_124' title='bbox 1432 2133 1579 2193; x_wconf 60' lang='lat' dir='ltr'><strong>ilrincas.</strong></span> <span class='ocrx_word' id='word_1_125' title='bbox 1759 2183 1760 2214; x_wconf 28' lang='grc' dir='ltr'>ἢ</span> 
     </span>
     <span class='ocr_line' id='line_1_16' title="bbox 376 2230 1710 2296; baseline 0.001 -5"><span class='ocrx_word' id='word_1_126' title='bbox 376 2230 593 2293; x_wconf 79' lang='lat' dir='ltr'><strong>Vrrauurauvs</strong></span> <span class='ocrx_word' id='word_1_127' title='bbox 625 2230 663 2290; x_wconf 90' lang='lat' dir='ltr'><strong>L.</strong></span> <span class='ocrx_word' id='word_1_128' title='bbox 694 2232 864 2294; x_wconf 80' lang='lat' dir='ltr'><strong>Vitellianae</strong></span> <span class='ocrx_word' id='word_1_129' title='bbox 899 2233 1005 2294; x_wconf 67' lang='lat' dir='ltr'><strong>litatio</strong></span> <span class='ocrx_word' id='word_1_130' title='bbox 1035 2233 1151 2294; x_wconf 86' lang='lat' dir='ltr'><strong>Romae</strong></span> <span class='ocrx_word' id='word_1_131' title='bbox 1182 2235 1213 2294; x_wconf 88' lang='lat' dir='ltr'><strong>in</strong></span> <span class='ocrx_word' id='word_1_132' title='bbox 1245 2235 1342 2296; x_wconf 84' lang='lat' dir='ltr'><strong>hortis</strong></span> <span class='ocrx_word' id='word_1_133' title='bbox 1369 2235 1546 2295; x_wconf 84' lang='lat' dir='ltr'><strong>Barberinic</strong></span> <span class='ocrx_word' id='word_1_134' title='bbox 1575 2233 1710 2295; x_wconf 83' lang='lat' dir='ltr'><strong>Fabretti</strong></span> 
     </span>
     <span class='ocr_line' id='line_1_17' title="bbox 707 2325 1696 2408; baseline 0 -12"><span class='ocrx_word' id='word_1_135' title='bbox 707 2335 864 2408; x_wconf 79' lang='lat'><strong>375,173.</strong></span> <span class='ocrx_word' id='word_1_136' title='bbox 943 2325 951 2330; x_wconf 78' lang='grc'><strong>“</strong></span> <span class='ocrx_word' id='word_1_137' title='bbox 1694 2387 1696 2396; x_wconf 25' lang='lat'><em>1</em></span> 
     </span>
     <span class='ocr_line' id='line_1_18' title="bbox 621 2437 1709 2518; baseline -0.001 -20"><span class='ocrx_word' id='word_1_138' title='bbox 621 2437 745 2498; x_wconf 86' lang='lat' dir='ltr'><strong>Vitellia</strong></span> <span class='ocrx_word' id='word_1_139' title='bbox 772 2437 855 2498; x_wconf 83' lang='lat' dir='ltr'><strong>Latii</strong></span> <span class='ocrx_word' id='word_1_140' title='bbox 883 2438 1027 2518; x_wconf 88' lang='lat' dir='ltr'><strong>oppidum</strong></span> <span class='ocrx_word' id='word_1_141' title='bbox 1055 2445 1207 2498; x_wconf 86' lang='lat' dir='ltr'><strong>vetustam</strong></span> <span class='ocrx_word' id='word_1_142' title='bbox 1237 2439 1289 2517; x_wconf 87' lang='lat' dir='ltr'><strong>(ut</strong></span> <span class='ocrx_word' id='word_1_143' title='bbox 1314 2441 1414 2518; x_wconf 88' lang='lat' dir='ltr'><strong>ipsum</strong></span> <span class='ocrx_word' id='word_1_144' title='bbox 1442 2459 1550 2500; x_wconf 90' lang='lat' dir='ltr'><strong>nomen</strong></span> <span class='ocrx_word' id='word_1_145' title='bbox 1580 2439 1709 2514; x_wconf 85' lang='lat' dir='ltr'><strong>indicat)</strong></span> 
     </span>
     <span class='ocr_line' id='line_1_19' title="bbox 621 2540 1710 2622; baseline -0.003 -22"><span class='ocrx_word' id='word_1_146' title='bbox 621 2559 660 2600; x_wconf 85' lang='lat' dir='ltr'><strong>ex</strong></span> <span class='ocrx_word' id='word_1_147' title='bbox 674 2541 762 2601; x_wconf 85' lang='lat' dir='ltr'><strong>Livio</strong></span> <span class='ocrx_word' id='word_1_148' title='bbox 779 2540 808 2614; x_wconf 79' lang='lat'><strong>2,</strong></span> <span class='ocrx_word' id='word_1_149' title='bbox 825 2541 863 2601; x_wconf 89' lang='lat'><strong>39</strong></span> <span class='ocrx_word' id='word_1_150' title='bbox 887 2550 990 2602; x_wconf 87' lang='lat' dir='ltr'><strong>uotum</strong></span> <span class='ocrx_word' id='word_1_151' title='bbox 1013 2551 1073 2615; x_wconf 79' lang='lat' dir='ltr'><strong>est3</strong></span> <span class='ocrx_word' id='word_1_152' title='bbox 1096 2543 1289 2602; x_wconf 85' lang='lat' dir='ltr'><strong>conferantur</strong></span> <span class='ocrx_word' id='word_1_153' title='bbox 1310 2543 1400 2602; x_wconf 88' lang='lat' dir='ltr'><strong>etiam</strong></span> <span class='ocrx_word' id='word_1_154' title='bbox 1422 2561 1499 2622; x_wconf 85' lang='lat' dir='ltr'><strong>quae</strong></span> <span class='ocrx_word' id='word_1_155' title='bbox 1517 2543 1555 2602; x_wconf 88' lang='lat' dir='ltr'><strong>de</strong></span> <span class='ocrx_word' id='word_1_156' title='bbox 1571 2541 1710 2602; x_wconf 84' lang='lat' dir='ltr'><strong>Vitelline</strong></span> 
     </span>
     <span class='ocr_line' id='line_1_20' title="bbox 622 2641 1710 2724; baseline -0.003 -21"><span class='ocrx_word' id='word_1_157' title='bbox 622 2645 719 2722; x_wconf 81' lang='lat' dir='ltr'><strong>gentis</strong></span> <span class='ocrx_word' id='word_1_158' title='bbox 740 2644 856 2720; x_wconf 78' lang='lat' dir='ltr'><strong>origine</strong></span> <span class='ocrx_word' id='word_1_159' title='bbox 871 2641 1034 2706; x_wconf 82' lang='lat' dir='ltr'><strong>Suetonius</strong></span> <span class='ocrx_word' id='word_1_160' title='bbox 1056 2645 1087 2702; x_wconf 88' lang='lat' dir='ltr'><strong>iu</strong></span> <span class='ocrx_word' id='word_1_161' title='bbox 1102 2645 1227 2704; x_wconf 87' lang='lat' dir='ltr'><strong>Vitellio</strong></span> <span class='ocrx_word' id='word_1_162' title='bbox 1250 2664 1316 2724; x_wconf 91' lang='lat' dir='ltr'><strong>cap.</strong></span> <span class='ocrx_word' id='word_1_163' title='bbox 1336 2649 1349 2704; x_wconf 97' lang='lat' dir='ltr'><strong>l</strong></span> <span class='ocrx_word' id='word_1_164' title='bbox 1374 2647 1535 2723; x_wconf 77' lang='lat' dir='ltr'><strong>congessit</strong></span> <span class='ocrx_word' id='word_1_165' title='bbox 1572 2643 1710 2705; x_wconf 86' lang='lat' dir='ltr'><strong>Ceterum</strong></span> 
     </span>
     <span class='ocr_line' id='line_1_21' title="bbox 622 2745 1630 2828; baseline 0.003 -24"><span class='ocrx_word' id='word_1_166' title='bbox 622 2755 723 2823; x_wconf 86' lang='lat' dir='ltr'><strong>potest</strong></span> <span class='ocrx_word' id='word_1_167' title='bbox 743 2745 899 2806; x_wconf 86' lang='lat' dir='ltr'><strong>Vitelliani</strong></span> <span class='ocrx_word' id='word_1_168' title='bbox 920 2765 1029 2806; x_wconf 90' lang='lat' dir='ltr'><strong>nomen</strong></span> <span class='ocrx_word' id='word_1_169' title='bbox 1052 2747 1142 2806; x_wconf 87' lang='lat' dir='ltr'><strong>etiam</strong></span> <span class='ocrx_word' id='word_1_170' title='bbox 1166 2757 1265 2807; x_wconf 90' lang='lat' dir='ltr'><strong>ortum</strong></span> <span class='ocrx_word' id='word_1_171' title='bbox 1287 2765 1356 2808; x_wconf 86' lang='lat' dir='ltr'><strong>ease</strong></span> <span class='ocrx_word' id='word_1_172' title='bbox 1379 2767 1417 2807; x_wconf 82' lang='lat' dir='ltr'><strong>ex</strong></span> <span class='ocrx_word' id='word_1_173' title='bbox 1439 2749 1630 2828; x_wconf 86' lang='lat' dir='ltr'><strong>cognomine.</strong></span> 
     </span>
     <span class='ocr_line' id='line_1_22' title="bbox 377 2837 1709 2927; baseline 0 -19"><span class='ocrx_word' id='word_1_174' title='bbox 377 2837 556 2910; x_wconf 73' lang='lat' dir='ltr'><strong>Voaauvs&#39;</strong></span> <span class='ocrx_word' id='word_1_175' title='bbox 625 2847 659 2910; x_wconf 90' lang='lat' dir='ltr'><strong>Si</strong></span> <span class='ocrx_word' id='word_1_176' title='bbox 681 2848 815 2909; x_wconf 82' lang='lat' dir='ltr'><strong>Voraauc</strong></span> <span class='ocrx_word' id='word_1_177' title='bbox 836 2849 883 2908; x_wconf 85' lang='lat' dir='ltr'><strong>fur</strong></span> <span class='ocrx_word' id='word_1_178' title='bbox 905 2849 1092 2910; x_wconf 74' lang='lat' dir='ltr'><strong>Horatianus</strong></span> <span class='ocrx_word' id='word_1_179' title='bbox 1115 2849 1195 2927; x_wconf 85' lang='lat' dir='ltr'><strong>(aive</strong></span> <span class='ocrx_word' id='word_1_180' title='bbox 1217 2849 1409 2927; x_wconf 79' lang='lat' dir='ltr'><strong>Lucilianus)</strong></span> <span class='ocrx_word' id='word_1_181' title='bbox 1432 2860 1553 2910; x_wconf 85' lang='lat' dir='ltr'><strong>auctore</strong></span> <span class='ocrx_word' id='word_1_182' title='bbox 1574 2851 1709 2927; x_wconf 85' lang='lat' dir='ltr'><strong>Porphy·</strong></span> 
     </span>
     <span class='ocr_line' id='line_1_23' title="bbox 707 2950 1760 3036; baseline -0.001 -27"><span class='ocrx_word' id='word_1_183' title='bbox 707 2952 791 3012; x_wconf 90' lang='lat' dir='ltr'><strong>rioue</strong></span> <span class='ocrx_word' id='word_1_184' title='bbox 814 2950 867 3028; x_wconf 84' lang='lat' dir='ltr'><strong>(ad</strong></span> <span class='ocrx_word' id='word_1_185' title='bbox 889 2961 944 3011; x_wconf 86' lang='lat' dir='ltr'><strong>sat.</strong></span> <span class='ocrx_word' id='word_1_186' title='bbox 964 2954 990 3024; x_wconf 89' lang='lat'><strong>1,</strong></span> <span class='ocrx_word' id='word_1_187' title='bbox 1008 2951 1043 3027; x_wconf 88' lang='lat'><strong>8,</strong></span> <span class='ocrx_word' id='word_1_188' title='bbox 1060 2953 1135 3028; x_wconf 84' lang='lat'>39),</span> <span class='ocrx_word' id='word_1_189' title='bbox 1157 2954 1209 3030; x_wconf 92' lang='lat' dir='ltr'><strong>qui</strong></span> <span class='ocrx_word' id='word_1_190' title='bbox 1232 2973 1292 3013; x_wconf 89' lang='lat' dir='ltr'><strong>nou</strong></span> <span class='ocrx_word' id='word_1_191' title='bbox 1315 2953 1386 3012; x_wconf 84' lang='lat' dir='ltr'><strong>ficta</strong></span> <span class='ocrx_word' id='word_1_192' title='bbox 1407 2953 1444 3012; x_wconf 88' lang='lat' dir='ltr'><strong>de</strong></span> <span class='ocrx_word' id='word_1_193' title='bbox 1466 2973 1502 3012; x_wconf 92' lang='lat' dir='ltr'><strong>eo</strong></span> <span class='ocrx_word' id='word_1_194' title='bbox 1524 2954 1657 3024; x_wconf 89' lang='lat' dir='ltr'><strong>rettulit,</strong></span> <span class='ocrx_word' id='word_1_195' title='bbox 1681 2971 1710 3008; x_wconf 88' lang='lat' dir='ltr'><strong>re</strong></span> <span class='ocrx_word' id='word_1_196' title='bbox 1759 2977 1760 3036; x_wconf 38' lang='grc' dir='ltr'>ξ</span> 
     </span>
     <span class='ocr_line' id='line_1_24' title="bbox 707 3053 1710 3143; baseline 0 -32"><span class='ocrx_word' id='word_1_197' title='bbox 707 3073 779 3143; x_wconf 77' lang='lat' dir='ltr'><strong>vera</strong></span> <span class='ocrx_word' id='word_1_198' title='bbox 799 3054 924 3114; x_wconf 86' lang='lat' dir='ltr'><strong>libertus</strong></span> <span class='ocrx_word' id='word_1_199' title='bbox 945 3054 1055 3114; x_wconf 84' lang='lat' dir='ltr'><strong>fuisset</strong></span> <span class='ocrx_word' id='word_1_200' title='bbox 1077 3053 1115 3128; x_wconf 84' lang='lat' dir='ltr'><strong>Q.</strong></span> <span class='ocrx_word' id='word_1_201' title='bbox 1137 3053 1252 3114; x_wconf 86' lang='lat' dir='ltr'><strong>Lutatii</strong></span> <span class='ocrx_word' id='word_1_202' title='bbox 1276 3053 1388 3128; x_wconf 85' lang='lat' dir='ltr'><strong>Catuli,</strong></span> <span class='ocrx_word' id='word_1_203' title='bbox 1409 3075 1449 3115; x_wconf 82' lang='lat' dir='ltr'><strong>ex</strong></span> <span class='ocrx_word' id='word_1_204' title='bbox 1470 3056 1710 3116; x_wconf 75' lang='lat' dir='ltr'><strong>nomenclaturae</strong></span> 
     </span>
     <span class='ocr_line' id='line_1_25' title="bbox 708 3156 1712 3234; baseline 0 -20"><span class='ocrx_word' id='word_1_205' title='bbox 708 3157 882 3216; x_wconf 82' lang='lat' dir='ltr'><strong>vetustioris</strong></span> <span class='ocrx_word' id='word_1_206' title='bbox 907 3158 975 3234; x_wconf 77' lang='lat' dir='ltr'><strong>lege</strong></span> <span class='ocrx_word' id='word_1_207' title='bbox 1000 3159 1132 3218; x_wconf 73' lang='lat' dir='ltr'><strong>Vorenus</strong></span> <span class='ocrx_word' id='word_1_208' title='bbox 1158 3156 1295 3217; x_wconf 70' lang='lat' dir='ltr'><strong>Lutatius</strong></span> <span class='ocrx_word' id='word_1_209' title='bbox 1322 3157 1357 3230; x_wconf 81' lang='lat' dir='ltr'><strong>Q.</strong></span> <span class='ocrx_word' id='word_1_210' title='bbox 1384 3160 1521 3226; x_wconf 74' lang='lat' dir='ltr'><strong>libertus.</strong></span> <span class='ocrx_word' id='word_1_211' title='bbox 1548 3177 1588 3218; x_wconf 86' lang='lat' dir='ltr'><strong>ex</strong></span> <span class='ocrx_word' id='word_1_212' title='bbox 1615 3176 1712 3216; x_wconf 87' lang='lat' dir='ltr'><strong>recen·</strong></span> 
     </span>
     <span class='ocr_line' id='line_1_26' title="bbox 707 3245 1760 3338; baseline 0.004 -20"><span class='ocrx_word' id='word_1_213' title='bbox 707 3260 784 3318; x_wconf 89' lang='lat' dir='ltr'><strong>tiore</strong></span> <span class='ocrx_word' id='word_1_214' title='bbox 806 3259 1022 3319; x_wconf 89' lang='lat' dir='ltr'><strong>consuetudine</strong></span> <span class='ocrx_word' id='word_1_215' title='bbox 1045 3293 1066 3318; x_wconf 92' lang='lat'><strong>-.</strong></span> <span class='ocrx_word' id='word_1_216' title='bbox 1090 3259 1173 3336; x_wconf 91' lang='lat' dir='ltr'><strong>(nam</strong></span> <span class='ocrx_word' id='word_1_217' title='bbox 1196 3279 1380 3338; x_wconf 88' lang='lat' dir='ltr'><strong>praenomen</strong></span> <span class='ocrx_word' id='word_1_218' title='bbox 1402 3260 1546 3320; x_wconf 83' lang='lat' dir='ltr'><strong>babuisse</strong></span> <span class='ocrx_word' id='word_1_219' title='bbox 1567 3260 1712 3337; x_wconf 82' lang='lat' dir='ltr'><strong>putandas</strong></span> <span class='ocrx_word' id='word_1_220' title='bbox 1759 3245 1760 3322; x_wconf 62' lang='lat' dir='ltr'><strong>i</strong></span> 
     </span>
     <span class='ocr_line' id='line_1_27' title="bbox 707 3361 1760 3440; baseline -0.002 -20"><span class='ocrx_word' id='word_1_221' title='bbox 707 3369 794 3421; x_wconf 88' lang='lat' dir='ltr'><strong>esta</strong></span> <span class='ocrx_word' id='word_1_222' title='bbox 815 3361 934 3440; x_wconf 88' lang='lat' dir='ltr'><strong>patroni</strong></span> <span class='ocrx_word' id='word_1_223' title='bbox 957 3362 1124 3440; x_wconf 87' lang='lat' dir='ltr'><strong>diversum)</strong></span> <span class='ocrx_word' id='word_1_224' title='bbox 1147 3361 1284 3422; x_wconf 72' lang='lat' dir='ltr'><strong>Lutatius</strong></span> <span class='ocrx_word' id='word_1_225' title='bbox 1300 3361 1335 3434; x_wconf 75' lang='lat' dir='ltr'><strong>Q.</strong></span> <span class='ocrx_word' id='word_1_226' title='bbox 1353 3363 1373 3421; x_wconf 83' lang='lat' dir='ltr'><strong>l.</strong></span> <span class='ocrx_word' id='word_1_227' title='bbox 1394 3363 1526 3422; x_wconf 76' lang='lat' dir='ltr'><strong>Vorenus</strong></span> <span class='ocrx_word' id='word_1_228' title='bbox 1541 3363 1599 3422; x_wconf 87' lang='lat' dir='ltr'><strong>fuit</strong></span> <span class='ocrx_word' id='word_1_229' title='bbox 1613 3361 1712 3439; x_wconf 85' lang='lat' dir='ltr'><strong>appel·</strong></span> <span class='ocrx_word' id='word_1_230' title='bbox 1759 3365 1760 3402; x_wconf 65' lang='lat'><strong>³</strong></span> 
     </span>
     <span class='ocr_line' id='line_1_28' title="bbox 706 3461 1711 3545; baseline 0.001 -24"><span class='ocrx_word' id='word_1_231' title='bbox 706 3464 795 3523; x_wconf 87' lang='lat' dir='ltr'><strong>latus.</strong></span> <span class='ocrx_word' id='word_1_232' title='bbox 841 3461 901 3524; x_wconf 89' lang='lat' dir='ltr'><strong>Sed</strong></span> <span class='ocrx_word' id='word_1_233' title='bbox 923 3483 960 3523; x_wconf 92' lang='lat' dir='ltr'><strong>ne</strong></span> <span class='ocrx_word' id='word_1_234' title='bbox 982 3465 1168 3545; x_wconf 80' lang='lat' dir='ltr'><strong>cognominis</strong></span> <span class='ocrx_word' id='word_1_235' title='bbox 1191 3464 1311 3542; x_wconf 90' lang='lat' dir='ltr'><strong>quidem</strong></span> <span class='ocrx_word' id='word_1_236' title='bbox 1327 3463 1443 3523; x_wconf 87' lang='lat' dir='ltr'><strong>Vorani</strong></span> <span class='ocrx_word' id='word_1_237' title='bbox 1466 3465 1592 3524; x_wconf 88' lang='lat' dir='ltr'><strong>alterum</strong></span> <span class='ocrx_word' id='word_1_238' title='bbox 1616 3483 1711 3524; x_wconf 87' lang='lat' dir='ltr'><strong>exem·</strong></span> 
     </span>
     <span class='ocr_line' id='line_1_29' title="bbox 706 3565 1760 3644; baseline -0.001 -18"><span class='ocrx_word' id='word_1_239' title='bbox 706 3567 791 3644; x_wconf 88' lang='lat' dir='ltr'><strong>plum</strong></span> <span class='ocrx_word' id='word_1_240' title='bbox 816 3565 896 3624; x_wconf 89' lang='lat' dir='ltr'><strong>novi.</strong></span> <span class='ocrx_word' id='word_1_241' title='bbox 940 3565 1013 3627; x_wconf 89' lang='lat' dir='ltr'><strong>Noli</strong></span> <span class='ocrx_word' id='word_1_242' title='bbox 1042 3575 1140 3626; x_wconf 87' lang='lat' dir='ltr'><strong>autem</strong></span> <span class='ocrx_word' id='word_1_243' title='bbox 1169 3587 1234 3628; x_wconf 88' lang='lat' dir='ltr'><strong>eam</strong></span> <span class='ocrx_word' id='word_1_244' title='bbox 1262 3568 1301 3626; x_wconf 93' lang='lat' dir='ltr'><strong>ob</strong></span> <span class='ocrx_word' id='word_1_245' title='bbox 1328 3585 1452 3627; x_wconf 86' lang='lat' dir='ltr'><strong>causam</strong></span> <span class='ocrx_word' id='word_1_246' title='bbox 1479 3586 1589 3626; x_wconf 91' lang='lat' dir='ltr'><strong>nomen</strong></span> <span class='ocrx_word' id='word_1_247' title='bbox 1613 3568 1710 3626; x_wconf 85' lang='lat' dir='ltr'><strong>fictum</strong></span> <span class='ocrx_word' id='word_1_248' title='bbox 1759 3583 1760 3632; x_wconf 63' lang='lat'>3</span> 
     </span>
     <span class='ocr_line' id='line_1_30' title="bbox 707 3665 1760 3747; baseline -0.003 -19"><span class='ocrx_word' id='word_1_249' title='bbox 707 3688 726 3728; x_wconf 91' lang='lat' dir='ltr'><strong>a</strong></span> <span class='ocrx_word' id='word_1_250' title='bbox 753 3678 843 3747; x_wconf 85' lang='lat' dir='ltr'><strong>poeta</strong></span> <span class='ocrx_word' id='word_1_251' title='bbox 870 3678 977 3747; x_wconf 88' lang='lat' dir='ltr'><strong>putare</strong></span> <span class='ocrx_word' id='word_1_252' title='bbox 1005 3688 1022 3727; x_wconf 88' lang='lat' dir='ltr'><strong>e</strong></span> <span class='ocrx_word' id='word_1_253' title='bbox 1050 3669 1177 3730; x_wconf 76' lang='lat' dir='ltr'><strong>uorandi</strong></span> <span class='ocrx_word' id='word_1_254' title='bbox 1206 3669 1366 3741; x_wconf 86' lang='lat' dir='ltr'><strong>vocabulo;</strong></span> <span class='ocrx_word' id='word_1_255' title='bbox 1400 3687 1496 3747; x_wconf 88' lang='lat' dir='ltr'><strong>nequo</strong></span> <span class='ocrx_word' id='word_1_256' title='bbox 1529 3669 1608 3730; x_wconf 90' lang='lat' dir='ltr'><strong>euim</strong></span> <span class='ocrx_word' id='word_1_257' title='bbox 1640 3669 1713 3728; x_wconf 87' lang='lat' dir='ltr'><strong>solet</strong></span> <span class='ocrx_word' id='word_1_258' title='bbox 1759 3665 1760 3688; x_wconf 66' lang='lat'>¹</span> 
     </span>
     <span class='ocr_line' id='line_1_31' title="bbox 707 3769 1760 3850; baseline -0.002 -20"><span class='ocrx_word' id='word_1_259' title='bbox 707 3779 796 3847; x_wconf 88' lang='lat' dir='ltr'><strong>poeta</strong></span> <span class='ocrx_word' id='word_1_260' title='bbox 822 3773 852 3831; x_wconf 91' lang='lat' dir='ltr'><strong>in</strong></span> <span class='ocrx_word' id='word_1_261' title='bbox 882 3771 984 3832; x_wconf 86' lang='lat' dir='ltr'><strong>satiris</strong></span> <span class='ocrx_word' id='word_1_262' title='bbox 1013 3771 1137 3831; x_wconf 84' lang='lat' dir='ltr'><strong>nomina</strong></span> <span class='ocrx_word' id='word_1_263' title='bbox 1163 3771 1290 3850; x_wconf 87' lang='lat' dir='ltr'><strong>fingere,</strong></span> <span class='ocrx_word' id='word_1_264' title='bbox 1320 3778 1354 3830; x_wconf 91' lang='lat' dir='ltr'><strong>ut</strong></span> <span class='ocrx_word' id='word_1_265' title='bbox 1381 3773 1493 3832; x_wconf 89' lang='lat' dir='ltr'><strong>dudum</strong></span> <span class='ocrx_word' id='word_1_266' title='bbox 1522 3773 1709 3832; x_wconf 81' lang='lat' dir='ltr'><strong>observatum</strong></span> <span class='ocrx_word' id='word_1_267' title='bbox 1759 3769 1760 3838; x_wconf 69' lang='lat' dir='ltr'>J</span> 
     </span>
     <span class='ocr_line' id='line_1_32' title="bbox 709 3874 1713 3954; baseline -0.006 -20"><span class='ocrx_word' id='word_1_268' title='bbox 709 3881 764 3954; x_wconf 84' lang='lat' dir='ltr'><strong>est.</strong></span> <span class='ocrx_word' id='word_1_269' title='bbox 811 3875 913 3952; x_wconf 84' lang='lat' dir='ltr'><strong>Atque</strong></span> <span class='ocrx_word' id='word_1_270' title='bbox 940 3875 1029 3934; x_wconf 88' lang='lat' dir='ltr'><strong>ctiam</strong></span> <span class='ocrx_word' id='word_1_271' title='bbox 1056 3874 1189 3936; x_wconf 86' lang='lat' dir='ltr'><strong>Pediatii</strong></span> <span class='ocrx_word' id='word_1_272' title='bbox 1216 3875 1346 3953; x_wconf 88' lang='lat' dir='ltr'><strong>pathici,</strong></span> <span class='ocrx_word' id='word_1_273' title='bbox 1375 3875 1428 3952; x_wconf 89' lang='lat' dir='ltr'><strong>qui</strong></span> <span class='ocrx_word' id='word_1_274' title='bbox 1457 3894 1518 3934; x_wconf 88' lang='lat' dir='ltr'><strong>uua</strong></span> <span class='ocrx_word' id='word_1_275' title='bbox 1547 3874 1713 3934; x_wconf 90' lang='lat' dir='ltr'><strong>nominatur</strong></span> 
     </span>
     <span class='ocr_line' id='line_1_33' title="bbox 708 3974 1711 4055; baseline -0.001 -20"><span class='ocrx_word' id='word_1_276' title='bbox 708 3995 776 4036; x_wconf 88' lang='lat' dir='ltr'><strong>oum</strong></span> <span class='ocrx_word' id='word_1_277' title='bbox 798 3976 879 4036; x_wconf 92' lang='lat' dir='ltr'><strong>Iulio</strong></span> <span class='ocrx_word' id='word_1_278' title='bbox 901 3986 931 4037; x_wconf 89' lang='lat' dir='ltr'><strong>et</strong></span> <span class='ocrx_word' id='word_1_279' title='bbox 945 3977 1078 4051; x_wconf 84' lang='lat' dir='ltr'><strong>Vorano,</strong></span> <span class='ocrx_word' id='word_1_280' title='bbox 1101 3995 1210 4038; x_wconf 88' lang='lat' dir='ltr'><strong>nomeu</strong></span> <span class='ocrx_word' id='word_1_281' title='bbox 1230 3977 1302 4038; x_wconf 83' lang='lat' dir='ltr'><strong>alibi</strong></span> <span class='ocrx_word' id='word_1_282' title='bbox 1324 3996 1385 4037; x_wconf 92' lang='lat' dir='ltr'><strong>non</strong></span> <span class='ocrx_word' id='word_1_283' title='bbox 1406 3978 1564 4055; x_wconf 86' lang='lat' dir='ltr'><strong>reperitur.</strong></span> <span class='ocrx_word' id='word_1_284' title='bbox 1608 3974 1711 4055; x_wconf 84' lang='lat' dir='ltr'><strong>Singu—</strong></span> 
     </span>
     <span class='ocr_line' id='line_1_34' title="bbox 709 4079 1712 4159; baseline -0.002 -21"><span class='ocrx_word' id='word_1_285' title='bbox 709 4079 838 4138; x_wconf 87' lang='lat' dir='ltr'><strong>laritatis</strong></span> <span class='ocrx_word' id='word_1_286' title='bbox 866 4079 931 4140; x_wconf 88' lang='lat' dir='ltr'><strong>eins</strong></span> <span class='ocrx_word' id='word_1_287' title='bbox 954 4080 1015 4140; x_wconf 85' lang='lat' dir='ltr'><strong>alia</strong></span> <span class='ocrx_word' id='word_1_288' title='bbox 1035 4089 1193 4158; x_wconf 86' lang='lat' dir='ltr'><strong>praeterea</strong></span> <span class='ocrx_word' id='word_1_289' title='bbox 1213 4079 1353 4159; x_wconf 86' lang='lat' dir='ltr'><strong>exempla</strong></span> <span class='ocrx_word' id='word_1_290' title='bbox 1373 4081 1497 4158; x_wconf 84' lang='lat' dir='ltr'><strong>praebet</strong></span> <span class='ocrx_word' id='word_1_291' title='bbox 1517 4097 1712 4157; x_wconf 85' lang='lat' dir='ltr'><strong>prosopogra·</strong></span> 
     </span>
     <span class='ocr_line' id='line_1_35' title="bbox 709 4175 1760 4260; baseline -0.003 -20"><span class='ocrx_word' id='word_1_292' title='bbox 709 4182 781 4260; x_wconf 87' lang='lat' dir='ltr'><strong>phia</strong></span> <span class='ocrx_word' id='word_1_293' title='bbox 801 4181 980 4257; x_wconf 85' lang='lat' dir='ltr'><strong>Horatiana,</strong></span> <span class='ocrx_word' id='word_1_294' title='bbox 1006 4190 1041 4242; x_wconf 91' lang='lat' dir='ltr'><strong>ut</strong></span> <span class='ocrx_word' id='word_1_295' title='bbox 1062 4180 1183 4244; x_wconf 83' lang='lat' dir='ltr'><strong>Seetani</strong></span> <span class='ocrx_word' id='word_1_296' title='bbox 1205 4201 1323 4256; x_wconf 88' lang='lat' dir='ltr'><strong>nomen,</strong></span> <span class='ocrx_word' id='word_1_297' title='bbox 1351 4183 1388 4241; x_wconf 89' lang='lat' dir='ltr'><strong>de</strong></span> <span class='ocrx_word' id='word_1_298' title='bbox 1409 4201 1470 4260; x_wconf 88' lang='lat' dir='ltr'><strong>quc</strong></span> <span class='ocrx_word' id='word_1_299' title='bbox 1492 4201 1584 4260; x_wconf 87' lang='lat' dir='ltr'><strong>supra</strong></span> <span class='ocrx_word' id='word_1_300' title='bbox 1605 4183 1711 4240; x_wconf 88' lang='lat' dir='ltr'><strong>dictum</strong></span> <span class='ocrx_word' id='word_1_301' title='bbox 1759 4175 1760 4250; x_wconf 73' lang='lat' dir='ltr'>j</span> 
     </span>
     <span class='ocr_line' id='line_1_36' title="bbox 709 4282 1713 4362; baseline -0.003 -18"><span class='ocrx_word' id='word_1_302' title='bbox 709 4293 763 4344; x_wconf 86' lang='lat' dir='ltr'><strong>est</strong></span> <span class='ocrx_word' id='word_1_303' title='bbox 815 4282 923 4362; x_wconf 88' lang='lat' dir='ltr'><strong>Neque</strong></span> <span class='ocrx_word' id='word_1_304' title='bbox 957 4285 1130 4346; x_wconf 89' lang='lat' dir='ltr'><strong>mutandum</strong></span> <span class='ocrx_word' id='word_1_305' title='bbox 1160 4285 1192 4345; x_wconf 91' lang='lat' dir='ltr'><strong>in</strong></span> <span class='ocrx_word' id='word_1_306' title='bbox 1220 4285 1373 4357; x_wconf 54' lang='lat' dir='ltr'><strong>Buranun</strong></span> <span class='ocrx_word' id='word_1_307' title='bbox 1405 4286 1436 4344; x_wconf 91' lang='lat' dir='ltr'><strong>iu</strong></span> <span class='ocrx_word' id='word_1_308' title='bbox 1464 4305 1483 4343; x_wconf 88' lang='lat' dir='ltr'><strong>o</strong></span> <span class='ocrx_word' id='word_1_309' title='bbox 1511 4285 1590 4344; x_wconf 91' lang='lat' dir='ltr'><strong>enim</strong></span> <span class='ocrx_word' id='word_1_310' title='bbox 1617 4285 1713 4344; x_wconf 83' lang='lat' dir='ltr'><strong>littera</strong></span> 
     </span>
     <span class='ocr_line' id='line_1_37' title="bbox 707 4386 1709 4466; baseline -0.005 -19"><span class='ocrx_word' id='word_1_311' title='bbox 707 4387 777 4447; x_wconf 91' lang='lat' dir='ltr'><strong>libri</strong></span> <span class='ocrx_word' id='word_1_312' title='bbox 811 4386 913 4466; x_wconf 85' lang='lat' dir='ltr'><strong>scripti</strong></span> <span class='ocrx_word' id='word_1_313' title='bbox 947 4405 1050 4447; x_wconf 90' lang='lat' dir='ltr'><strong>omnes</strong></span> <span class='ocrx_word' id='word_1_314' title='bbox 1084 4388 1284 4448; x_wconf 86' lang='lat' dir='ltr'><strong>consentiunt.</strong></span> <span class='ocrx_word' id='word_1_315' title='bbox 1333 4387 1440 4466; x_wconf 86' lang='lat' dir='ltr'><strong>Itaque</strong></span> <span class='ocrx_word' id='word_1_316' title='bbox 1461 4387 1578 4448; x_wconf 89' lang='lat' dir='ltr'><strong>Voraui</strong></span> <span class='ocrx_word' id='word_1_317' title='bbox 1608 4403 1709 4446; x_wconf 86' lang='lat' dir='ltr'><strong>nomon</strong></span> 
     </span>
     <span class='ocr_line' id='line_1_38' title="bbox 708 4489 1760 4568; baseline -0.002 -19"><span class='ocrx_word' id='word_1_318' title='bbox 708 4509 808 4550; x_wconf 87' lang='lat' dir='ltr'><strong>rarum</strong></span> <span class='ocrx_word' id='word_1_319' title='bbox 840 4489 943 4549; x_wconf 85' lang='lat' dir='ltr'><strong>licebit</strong></span> <span class='ocrx_word' id='word_1_320' title='bbox 972 4489 1134 4568; x_wconf 85' lang='lat' dir='ltr'><strong>gentilioiis</strong></span> <span class='ocrx_word' id='word_1_321' title='bbox 1160 4491 1191 4551; x_wconf 89' lang='lat' dir='ltr'><strong>iu</strong></span> <span class='ocrx_word' id='word_1_322' title='bbox 1220 4509 1295 4550; x_wconf 82' lang='lat' dir='ltr'><strong>unua</strong></span> <span class='ocrx_word' id='word_1_323' title='bbox 1324 4490 1503 4564; x_wconf 83' lang='lat' dir='ltr'><strong>attribuere,</strong></span> <span class='ocrx_word' id='word_1_324' title='bbox 1533 4507 1710 4568; x_wconf 85' lang='lat' dir='ltr'><strong>quamquam</strong></span> <span class='ocrx_word' id='word_1_325' title='bbox 1759 4501 1760 4522; x_wconf 67' lang='lat'><em>³</em></span> 
     </span>
     <span class='ocr_line' id='line_1_39' title="bbox 708 4583 1760 4654; baseline 0.004 -4"><span class='ocrx_word' id='word_1_326' title='bbox 708 4591 887 4652; x_wconf 87' lang='lat' dir='ltr'><strong>dubitanter.</strong></span> <span class='ocrx_word' id='word_1_327' title='bbox 1759 4583 1760 4654; x_wconf 53' lang='grc' dir='ltr'>ἶ</span> 
     </span>
     <span class='ocr_line' id='line_1_40' title="bbox 378 4691 1760 4773; baseline 0.003 -23"><span class='ocrx_word' id='word_1_328' title='bbox 378 4691 575 4752; x_wconf 75' lang='lat' dir='ltr'><strong>Vuovtauvs</strong></span> <span class='ocrx_word' id='word_1_329' title='bbox 631 4693 799 4771; x_wconf 70' lang='lat' dir='ltr'><strong>Urqulaaua</strong></span> <span class='ocrx_word' id='word_1_330' title='bbox 819 4694 997 4770; x_wconf 77' lang='lat' dir='ltr'><strong>Profuturus</strong></span> <span class='ocrx_word' id='word_1_331' title='bbox 1020 4693 1140 4756; x_wconf 87' lang='lat' dir='ltr'><strong>Salonis</strong></span> <span class='ocrx_word' id='word_1_332' title='bbox 1164 4693 1452 4756; x_wconf 75' lang='lat' dir='ltr'>0.1.L.1112525</span> <span class='ocrx_word' id='word_1_333' title='bbox 1477 4695 1600 4773; x_wconf 90' lang='lat' dir='ltr'><strong>(ibidem</strong></span> <span class='ocrx_word' id='word_1_334' title='bbox 1623 4692 1708 4752; x_wconf 73' lang='lat'>2620.</span> <span class='ocrx_word' id='word_1_335' title='bbox 1759 4733 1760 4754; x_wconf 69' lang='lat'><em>2</em></span> 
     </span>
     <span class='ocr_line' id='line_1_41' title="bbox 709 4795 1760 4877; baseline 0.001 -22"><span class='ocrx_word' id='word_1_336' title='bbox 709 4795 788 4856; x_wconf 80' lang='lat'><strong>2621</strong></span> <span class='ocrx_word' id='word_1_337' title='bbox 812 4797 891 4858; x_wconf 89' lang='lat' dir='ltr'><strong>idem</strong></span> <span class='ocrx_word' id='word_1_338' title='bbox 914 4817 1023 4859; x_wconf 88' lang='lat' dir='ltr'><strong>nomen</strong></span> <span class='ocrx_word' id='word_1_339' title='bbox 1051 4799 1165 4877; x_wconf 73' lang='lat' dir='ltr'><strong>Urqula</strong></span> <span class='ocrx_word' id='word_1_340' title='bbox 1190 4797 1272 4875; x_wconf 64' lang='lat' dir='ltr'><strong>Urgu</strong></span> <span class='ocrx_word' id='word_1_341' title='bbox 1300 4798 1359 4875; x_wconf 74' lang='lat' dir='ltr'><strong>Urq</strong></span> <span class='ocrx_word' id='word_1_342' title='bbox 1381 4797 1545 4874; x_wconf 86' lang='lat' dir='ltr'><strong>scribitur).</strong></span> <span class='ocrx_word' id='word_1_343' title='bbox 1759 4813 1760 4816; x_wconf 72' lang='grc'>’</span> 
     </span>
    </p>
   </div>
   <div class='ocr_carea' id='block_1_3' title="bbox 0 0 1783 6012">
    <p class='ocr_par' dir='ltr' id='par_1_3' title="bbox 0 0 1783 6012">
     <span class='ocr_line' id='line_1_42' title="bbox 0 0 1783 6012; baseline 0 0"><span class='ocrx_word' id='word_1_344' title='bbox 0 0 1783 6012; x_wconf 95' lang='lat' dir='ltr'><strong> </strong></span> 
     </span>
    </p>
   </div>
  </div>
 </body>
</html>
