3504 6004
566 667 705 746 uossm
723 665 909 719 minuma.
944 668 1070 722 onom.

763 769 914 780 ——

731 1105 896 1184 DAOIA.

171 1338 304 1398 Daciae
330 1338 574 1414 inscriptionibus
603 1346 671 1416 post
692 1359 738 1398 me
759 1347 913 1400 strenuam
935 1348 965 1398 et
984 1339 1168 1399 fructuosam
1191 1357 1313 1416 operam
1335 1341 1480 1400 dederunt

118 1441 193 1500 duo
229 1443 289 1501 viri
314 1441 442 1504 Carolus
465 1443 574 1503 Gooss
597 1441 832 1515 Transilvanus,
860 1444 912 1520 qui
937 1461 1004 1502 cum
1031 1443 1061 1500 in
1089 1453 1310 1521 programmate
1331 1443 1479 1522 gymnasii

119 1542 439 1624 Schaessburgensis
463 1546 600 1623 (Studien
621 1563 673 1604 aar
696 1544 844 1622 Geoprufie
865 1547 924 1604 aad
946 1545 1109 1606 Gescbicita
1131 1547 1180 1604 des
1201 1547 1394 1620 trojanischen
1415 1545 1479 1604 Da·

120 1652 228 1705 deas.
263 1647 504 1708 Hermaunstadt
521 1649 610 1708 1874.
632 1649 660 1708 8.
680 1669 708 1725 p.
723 1649 776 1724 77)
799 1657 861 1706 tum
876 1649 906 1706 in
923 1649 1143 1708 commentariis
1158 1649 1279 1707 insertis
1296 1650 1371 1707 actis
1387 1649 1478 1707 socie·

118 1751 209 1808 tatis
227 1749 481 1810 Transilvanicae
497 1751 620 1828 (Archiv
635 1752 683 1810 des
697 1750 813 1809 Vereins
821 1751 876 1827 scir
891 1751 1135 1828 siedeubtirpiscde
1146 1749 1359 1810 Luadeslcuacla
1374 1751 1430 1810 vol.
1441 1752 1474 1808 11

119 1871 155 1909 a.
178 1853 271 1910 1873
295 1874 323 1930 p.
341 1853 499 1926 98-1173
523 1851 638 1912 vol.12
661 1873 687 1912 a.
707 1853 786 1911 1874
809 1873 837 1930 p.
857 1853 1038 1928 107-175)
1066 1854 1154 1912 etiam
1177 1854 1272 1912 titulis
1294 1855 1426 1913 nondum
1447 1853 1478 1911 in

116 1955 239 2012 lucem
262 1956 392 2031 prolatis
414 1957 538 2015 edendis
560 1977 661 2016 curam
676 1956 828 2032 impendit,
852 1968 881 2013 et
896 1954 967 2015 Otto
983 1955 1190 2016 Hiuscnsstu
1210 1976 1292 2016 meus
1307 1957 1395 2016 hodie
1410 1975 1478 2032 pro-

118 2056 241 2115 sessor
269 2059 473 2118 universitatis
496 2058 674 2135 Prageusis,
703 2060 752 2135 qui
775 2058 899 2117 a1873
927 2063 1013 2117 iussu
1035 2079 1137 2116 corum
1160 2060 1210 2136 qui
1234 2064 1265 2118 in
1287 2060 1413 2117 Austria
1433 2079 1477 2117 re·
1506 2077 1510 2082 ·

118 2161 191 2218 bus
221 2173 369 2234 praesunt
390 2161 466 2220 banc
488 2171 595 2220 terram
623 2162 798 2238 vicinasque
819 2161 959 2237 regiones
982 2180 1041 2218 una
1062 2181 1129 2220 oum
1151 2162 1334 2220 Benndorfio
1362 2161 1479 2237 collega

116 2266 317 2341 peragravit
352 2265 595 2340 inscriptionibus
631 2263 719 2322 editis
753 2263 1004 2340 recognoscendis
1037 2263 1217 2340 ineditisque
1254 2264 1398 2322 addendis
1431 2263 1478 2322 vel
1542 2319 1544 2324 .

116 2369 276 2424 maxime
303 2368 445 2424 intentus.
490 2365 565 2424 Eius
592 2367 708 2425 itineris
735 2377 896 2442 postquam
922 2367 1022 2424 brevis
1050 2367 1157 2424 notitia
1183 2367 1254 2425 data
1282 2377 1329 2426 est
1355 2365 1478 2426 1171717ιαὶ-

118 2470 248 2544 lanpea
271 2469 322 2524 der
346 2469 643 2528 Ceutralcommission
665 2468 780 2527 votis
803 2488 829 2526 a.
848 2468 925 2527 1873
948 2488 976 2544 p.
995 2467 1053 2526 328
1067 2487 1145 2544 seq.‚
1170 2468 1240 2527 data
1262 2488 1355 2546 opera
1375 2469 1477 2527 titulos

117 2591 143 2630 a
158 2613 162 2618 -
175 2587 217 2628 se
243 2570 419 2629 emendatos
443 2572 598 2630 additosve
621 2572 779 2648 proposuit
799 2571 830 2630 in
851 2575 925 2628 actis
947 2572 1115 2630 minoribus
1138 2571 1306 2630 academiae
1326 2571 1477 2630 Vindobo-

117 2677 246 2732 nensis
276 2671 317 2746 (a
341 2673 420 2731 1874
443 2674 502 2733 rol.
518 2675 556 2732 77
581 2695 608 2752 p.
631 2673 818 2732 363-429:
847 2675 1067 2750 epiprapbische
1088 2674 1230 2733 Nauticus
1254 2693 1317 2732 zum
1342 2675 1371 2733 0.
1392 2676 1419 2732 I.
1439 2673 1476 2733 L.

117 2777 188 2835 vol.
208 2776 275 2832 III
292 2794 345 2834 uus
363 2777 477 2834 Dacica
497 2777 558 2834 aad
572 2775 723 2852 Moesica).
741 2807 779 2818 -
802 2775 940 2852 Hungari
962 2795 1038 2853 quae
1061 2798 1114 2854 per
1135 2777 1190 2836 hos
1212 2795 1307 2836 annos
1331 2776 1366 2834 de
1388 2779 1477 2836 rebus

117 2879 268 2938 Dacicis
288 2878 450 2949 ediderunt,
471 2889 505 2936 ut
520 2879 697 2938 Theodorus
714 2879 847 2939 onrvir
868 2883 898 2937 in
919 2885 994 2938 actis
1015 2880 1177 2937 maioribus
1193 2877 1364 2938 academiae
1380 2879 1477 2938 Pesti-

118 2985 245 3041 nensis
278 2981 404 3056 aliique,
435 3001 471 3039 ea
499 3001 565 3039 cum
592 2983 821 3060 inscriptionum
851 2983 1025 3041 thesaurum
1053 3001 1113 3040 non
1140 2999 1321 3058 magnopere
1349 2991 1479 3058 augeant

119 3085 315 3160 scriptaque
344 3083 404 3141 sint
431 3083 534 3161 lingua
562 3084 642 3161 apud
670 3097 789 3144 exteros
817 3085 935 3162 ignota,
964 3085 1007 3144 ita
1034 3085 1071 3142 iis
1099 3102 1173 3143 usus
1202 3101 1283 3157 sum,
1310 3092 1344 3142 ut
1370 3085 1406 3142 ad
1434 3085 1477 3143 in·

120 3185 323 3262 scriptiones
346 3185 428 3243 solas
450 3185 641 3244 attenderem.
681 3186 831 3248 Goossius
854 3198 951 3246 autem
973 3197 1003 3245 et
1024 3190 1075 3263 qui
1096 3187 1133 3244 de
1155 3205 1187 3244 re
1209 3187 1404 3264 epigraphica
1417 3187 1479 3264 ple-

119 3289 205 3348 nius
235 3287 326 3363 longe
347 3289 490 3364 exposuit
511 3287 730 3348 Hirschfeldius
753 3309 828 3367 quae
850 3291 1053 3367 protulerunt,
1082 3289 1161 3348 infra
1182 3297 1353 3364 repetentur
1374 3289 1478 3365 paucis

120 3391 268 3450 minoris
295 3390 434 3448 momenti
462 3392 585 3450 omissis
606 3393 654 3450 vel
679 3394 776 3470 magis
799 3393 826 3450 ei
847 3393 974 3469 tempori
996 3393 1173 3462 reservatis,
1200 3409 1259 3468 quo
1282 3393 1387 3450 barum
1409 3411 1478 3468 pro-

122 3491 309 3553 vinciarum
330 3493 484 3552 titulorum
507 3496 672 3554 auctarium
693 3499 753 3572 ipsi
775 3495 893 3574 corpori
915 3505 1048 3572 aptatum
1070 3494 1209 3571 prodibit.

123 3684 182 3743 Ad
209 3701 242 3759 p.
261 3683 329 3741 140.
374 3683 435 3758 Qui
463 3705 558 3763 nuper
583 3691 713 3746 innotuit
740 3707 807 3746 cum
836 3705 874 3745 ex
897 3687 984 3744 titulo
1007 3684 1222 3744 Concordiensi
1249 3685 1387 3760 (Bullett.
1412 3685 1478 3743 dell'

176 3787 259 3844 Iast.
275 3787 352 3844 1874
374 3807 403 3864 p.
421 3787 476 3863 34)
499 3797 563 3846 tum
585 3808 623 3847 ex
646 3789 807 3866 diplomate
829 3809 856 3846 a.
876 3788 933 3847 166
956 3789 1034 3846 inira
1057 3789 1136 3846 edito
1159 3787 1197 3846 T.
1219 3786 1373 3846 Desticius
1396 3787 1433 3846 T.
1456 3787 1476 3846 f.

176 3887 250 3947 Cla
276 3885 404 3947 Severus
424 3909 506 3966 proc.
529 3892 605 3967 Aup.
624 3911 707 3968 prov.
730 3893 844 3949 Daciae
865 3895 1003 3966 superior.
1027 3909 1092 3949 cum
1115 3901 1185 3967 post
1206 3910 1270 3948 eam
1292 3895 1477 3967 procuratio·

174 4011 250 4051 nem
278 4009 305 4048 a.
326 4010 355 4066 p.
376 3988 411 4050 Ο.
437 3991 494 4050 166
522 3993 659 4050 Raetiam
687 3995 871 4070 procurarit,
899 3993 1054 4070 probabile
1080 4003 1126 4050 ost
1151 3992 1189 4050 ad
1218 4011 1244 4050 a.
1267 4010 1291 4050 c.
1315 3994 1373 4051 150
1400 3994 1476 4051 anti·

175 4111 275 4170 quam
295 4097 491 4170 partitionem
514 4095 672 4154 mansisse.

653 4443 733 4520 Aper
753 4444 961 4504 Bistritteusis.

128 4628 214 4691 ³70
237 4627 424 4705 Burghallen
446 4647 540 4706 prope
562 4627 694 4688 Bistritz.

753 4948 858 4992 uSNti

754 5051 860 5093 ΤΙΝΑ

755 5153 861 5196 SIMA

126 5352 239 5414 Gooss
262 5347 386 5408 Studien
406 5365 458 5406 aar
484 5346 591 5424 Geopr.
613 5347 742 5407 Dacians
765 5368 795 5424 p.
813 5349 865 5422 483
889 5349 999 5408 Archia
1024 5349 1070 5421 12,
1090 5351 1157 5409 175.
