3504 6004
872 653 1153 706 ADDITAMENTA

705 852 925 912 Lmrsuuvs·
951 863 1095 906 osruuvs
1113 878 1120 891 ·
1146 863 1258 906 ssvm·
1284 861 1424 905 reserens

735 969 810 1013 svs·
822 968 905 1014 curu
916 967 1081 1010 murense·
1098 965 1300 1010 uvurcrrrsvs
1312 981 1319 995 ·
1333 965 1424 1008 nvnc

691 1035 905 1178 ‘Noemon-
919 1070 1044 1127 Qtomtt
1054 1085 1060 1098 ·
1072 1069 1125 1113 rus
1137 1085 1143 1098 ·
1155 1069 1320 1113 naorcsvrr
1333 1067 1423 1110 -usuu

734 1171 1426 1490 {miserumvesr·rrccous·ervtvu·oaou

734 1292 747 1332 q
788 1275 1057 1320 suoru-vurssar·
1068 1275 1175 1320 consu
1189 1275 1257 1316 ore·
1272 1274 1425 1317 oarvnvu

734 1394 758 1425 u
785 1381 807 1424 x
818 1377 973 1423 srucvtos
982 1378 1121 1422 ursui-:ru-
1132 1377 1277 1421 ruoursrr
1290 1393 1296 1406 ·
1309 1377 1346 1419 ετ
1358 1392 1364 1404 -
1378 1377 1425 1417 rru-

768 1481 880 1548 ootsu
892 1481 1076 1525 usuvuosu
1089 1496 1095 1509 ·
1106 1479 1319 1524 rsanusavu·
1333 1479 1425 1534 (ΜΛ

775 1547 858 1646 ſsuv
879 1601 886 1613 ·
907 1585 967 1628 resa
991 1601 997 1612 ·
1017 1584 1151 1628 vrxrsser
1172 1601 1179 1613 ·
1198 1582 1330 1626 annuos
1352 1581 1425 1626 κει

956 1687 1208 1733 Ροιιιατνε·εετ

430 1863 589 1942 Descripsi
611 1882 651 1922 ex
673 1863 787 1940 ectypis
809 1861 925 1920 duobus
948 1859 1079 1938 optimis,
1101 1879 1178 1936 quae
1201 1857 1353 1939 Berlanga
1373 1869 1403 1919 et
1424 1858 1580 1922 Sasu-edre
1601 1859 1681 1918 mise·

346 1977 431 2040 rnnt3
455 1967 555 2026 minus
576 1969 656 2027 bona
682 1965 823 2042 exempla
853 1977 942 2024 antea
970 1963 1031 2022 iam
1056 1962 1210 2041 Berlanga
1236 1963 1359 2022 miserat
1384 1963 1422 2022 ab
1452 1964 1560 2022 amicis
1589 1982 1680 2021 secum

348 2070 574 2130 communicata.
619 2066 773 2128 Saavedra
804 2067 898 2124 edidit
933 2075 963 2124 et
994 2065 1140 2142 explicuit
1165 2067 1196 2124 in
1231 2067 1261 2124 io
1297 2065 1474 2125 [lustracion
1502 2065 1682 2141 espoioioy

347 2177 512 2232 emeritano
529 2170 607 2229 1872
630 2191 659 2248 p.
673 2171 732 2228 711
757 2188 810 2242 ss,
832 2168 985 2246 Berlanga
1005 2168 1037 2226 in
1059 2169 1137 2228 libro
1160 2187 1215 2228 suo
1238 2169 1354 2226 brooees
1383 2170 1416 2226 de
1441 2168 1539 2227 Osuoa
1566 2188 1596 2244 p.
1621 2167 1681 2225 185.

501 2273 538 2332 L.
556 2272 695 2332 Aemilius
712 2273 856 2349 Daphnus
883 2274 958 2330 sevir
983 2271 1106 2330 tiermes
1128 2291 1182 2330 sua
1209 2276 1283 2330 omui
1311 2275 1439 2346 impenso
1456 2272 1647 2346 omnicipibus

501 2375 710 2453 Murp(itonis)
733 2377 810 2435 dedii
832 2385 933 2450 eiquo
956 2375 1002 2446 die
1024 2393 1072 2433 eos
1094 2375 1236 2434 dedicauit
1257 2374 1290 2431 X
1309 2373 1471 2449 (denarios)
1493 2372 1648 2450 emmelos

501 2479 608 2538 ciuibus
621 2487 647 2536 et
657 2479 759 2538 incolis
772 2477 886 2554 epulum
897 2477 974 2535 dedit
981 2498 989 2548 ;
1001 2495 1087 2553 quam
1099 2478 1150 2534 diu
1160 2480 1277 2536 emisset
1287 2478 1382 2535 eodem
1397 2478 1443 2534 die
1454 2475 1647 2552 daturum[se]

500 2581 536 2638 X
545 2578 706 2656 (marios)
729 2580 857 2656 singulos
871 2581 973 2638 aedem
982 2583 1119 2656 promisit
1135 2591 1161 2640 et
1181 2584 1211 2637 in
1234 2579 1376 2655 [tudelam
1397 2580 1550 2638 eorundem
1576 2579 1647 2636 tier·
1747 2555 1748 2562 ¹

500 2701 612 2742 morum
628 2701 713 2759 queem
728 2684 779 2742 die
793 2686 855 2759 ipse
869 2686 986 2741 visisset
1005 2701 1116 2740 annuos
1131 2682 1164 2740 X
1178 2681 1342 2759 (denarios)
1362 2681 1415 2741 CL
1433 2682 1588 2758 pollicitus
1610 2691 1648 2740 est

431 2785 537 2845 Lectio
574 2794 656 2844 certa
691 2795 751 2858 est3
790 2785 1000 2863 supplementa
1030 2803 1133 2863 pauca
1169 2804 1188 2844 a
1220 2783 1374 2846 Saavedra
1408 2793 1489 2843 recte
1520 2784 1684 2862 proposita,

348 2897 558 2968 praeterquam
581 2887 661 2963 quod
683 2887 746 2946 ud
775 2889 815 2946 in.
845 2907 905 2948 esse
931 2888 1027 2946 voluit
1047 2908 1103 2966 pro
1130 2907 1169 2946 se.
1214 2887 1351 2948 Observa
1376 2897 1489 2965 puncta
1516 2887 1633 2945 omissa
1657 2887 1683 2943 in

350 3013 405 3071 quo
428 2993 522 3051 dier.
547 2990 581 3062 3,
609 2991 704 3048 eodem
727 2992 773 3048 die
795 3009 822 3047 v.
847 2991 881 3062 5,
909 2998 1032 3067 etpost
1058 2991 1174 3049 denarii
1200 2999 1303 3050 notam
1332 2991 1443 3069 ubique
1471 2989 1513 3065 (v.
1536 2989 1572 3048 3.
1595 2989 1623 3047 6.
1644 2988 1682 3064 8),

350 3115 418 3154 cum
439 3100 596 3172 praeterea
616 3091 717 3167 posite
740 3093 802 3150 sint
824 3101 972 3164 accurate,
996 3094 1090 3152 semel
1110 3093 1199 3152 etiam
1221 3095 1252 3151 in
1274 3093 1334 3152 fine
1356 3111 1461 3152 versus
1477 3101 1548 3169 post
1571 3097 1602 3151 in
1618 3113 1643 3150 v.
1659 3090 1682 3148 6.

348 3197 522 3258 Notandum
537 3204 693 3272 praeterea
704 3195 784 3270 quod
800 3194 971 3254 dictumest
985 3199 1119 3254 denarios
1134 3197 1262 3272 siupuioc
1275 3241 1282 3254 .
1296 3238 1318 3253 ..
1333 3197 1446 3272 epulum
1461 3197 1538 3254 dedit
1554 3205 1586 3254 et
1598 3195 1682 3271 scrip·

349 3301 523 3360 tumeisdem
535 3297 624 3357 claris
640 3297 748 3355 litteris
762 3316 822 3355 nou
835 3300 924 3356 isdem
938 3309 990 3357 aut
1005 3301 1103 3357 iisdeou
1118 3317 1153 3358 eo
1169 3307 1301 3376 tempore
1315 3297 1367 3374 (ci.
1383 3317 1460 3374 quae
1475 3297 1682 3356 aMommseno

351 3406 510 3464 observata
537 3407 608 3458 suut
634 3383 766 3458 Hermae
792 3403 805 3458 1
830 3421 859 3478 p.
876 3400 967 3478 465);
1000 3401 1053 3459 vix
1086 3402 1164 3460 enim
1192 3401 1280 3459 eredo
1303 3401 1515 3476 provincialem
1535 3401 1682 3459 homiuem

351 3504 540 3582 antiquitatis
563 3503 694 3580 speciem
718 3501 895 3561 adfectasse.
938 3502 1082 3562 Notanda
1103 3504 1231 3581 denique
1253 3503 1368 3562 denarii
1390 3511 1462 3562 nota
1483 3504 1526 3561 sie
1549 3504 1681 3562 distincte

351 3609 461 3686 ubique
482 3623 504 3663 x
526 3606 648 3682 scripta,
671 3623 732 3663 non
752 3621 783 3663 x.
828 3603 969 3664 Ceterum
997 3626 1139 3666 uumerus
1167 3607 1358 3664 denariorum
1388 3604 1439 3665 CL
1462 3615 1520 3678 est,
1548 3615 1583 3665 ut
1608 3607 1681 3663 clare

352 3719 477 3788 apparet
497 3709 528 3766 in
550 3715 659 3783 ectypo
680 3706 859 3784 Berlangae,
883 3727 943 3766 non
965 3705 1017 3780 01,
1048 3717 1080 3767 ut
1100 3709 1237 3787 legerant
1258 3709 1402 3780 editores3
1431 3709 1546 3767 scilicet
1573 3709 1591 3766 I
1612 3719 1640 3768 et
1659 3707 1680 3764 L

352 3816 385 3874 in
406 3815 463 3871 hoc
486 3811 653 3888 scripturae
674 3827 783 3886 genere
804 3829 948 3888 perquam
970 3811 1083 3870 similia
1104 3820 1182 3870 sunt.

436 3913 523 3988 Quae
544 3912 696 3990 Daphnus
723 3912 838 3989 patriae
865 3913 992 3991 largitus
1016 3927 1075 3988 est,
1104 3915 1253 3974 consolita
1275 3924 1345 3974 sunt
1366 3915 1510 3973 beneficia
1531 3934 1569 3980 ι
1592 3915 1679 3973 titulis

353 4017 503 4080 sexcentis
533 4015 602 4072 aliis
624 4022 705 4072 nota.
755 4011 814 4072 Sed
841 4017 1045 4075 memorabilis
1073 4017 1122 4076 hic
1144 4019 1249 4077 titulus
1277 4037 1312 4076 eo
1341 4017 1422 4093 quod
1448 4017 1564 4094 Murgis
1584 4017 1678 4094 oppidi

352 4122 442 4181 situm
468 4117 579 4178 definit.
628 4115 711 4173 Inter
738 4115 835 4176 litoris
864 4117 1006 4177 Baeticae
1034 4120 1142 4178 interni
1170 4121 1281 4197 oppida
1309 4120 1413 4178 ultimo
1446 4118 1513 4177 loco
1539 4139 1558 4177 a
1586 4119 1678 4178 Plinio

353 4225 385 4301 (3
409 4221 475 4300 58)
498 4220 667 4279 collocatur
688 4217 791 4293 Ματρί
813 4219 876 4296 (vel
898 4221 1015 4298 Murpis
1038 4257 1076 4266 -
1099 4223 1210 4282 Murcia
1237 4223 1326 4281 habet
1347 4221 1505 4280 Parisinus
1528 4221 1607 4282 6795
1631 4221 1679 4294 -)

352 4328 491 4386 Baeticae
512 4324 598 4393 inim
622 4328 713 4397 atque
734 4321 842 4380 iterum
863 4333 1021 4400 praeterea
1042 4343 1200 4384 mensurae
1222 4325 1260 4382 ab
1282 4323 1387 4384 eodem
1409 4324 1574 4384 indicantur
1600 4323 1630 4399 (ᾗ
1649 4320 1678 4396 6)

353 4451 372 4490 a
387 4430 446 4505 fiae
467 4425 637 4500 Murpitauo
660 4423 715 4498 (itu
737 4431 818 4483 recte
840 4425 1035 4486 Dctlefsenus
1061 4427 1182 4503 scripsit
1208 4446 1263 4504 pro
1286 4447 1322 4488 eo
1349 4427 1431 4503 quod
1453 4426 1521 4484 libri
1544 4426 1678 4484 hocloco

353 4531 465 4590 habeut
490 4544 595 4586 omnes
628 4525 783 4602 Urqitano)
811 4535 841 4586 et
868 4527 899 4605 (ᾗ
924 4529 975 4604 17)
998 4549 1017 4587 a
1044 4530 1148 4606 Ματρί
1171 4533 1326 4588 maritimo.
1369 4529 1502 4588 Diversa
1523 4529 1559 4587 ab
1580 4545 1616 4584 ea
1636 4537 1679 4584 est-

359 4633 443 4706 Urei,
475 4631 555 4709 quod
581 4628 658 4686 inter
685 4627 798 4705 oppida
824 4649 895 4690 orae
921 4631 1062 4708 proxima
1088 4642 1251 4692 conventus
1279 4629 1546 4709 Carthaginiensis,
1578 4629 1608 4688 id
1636 4637 1678 4686 est

352 4735 527 4814 provinciae
549 4732 803 4805 Tarraconensis,
829 4733 909 4792 idem
935 4745 1073 4793 recenset
1100 4733 1215 4811 (519);
1252 4753 1348 4812 neque
1362 4733 1473 4792 debuit
1493 4735 1555 4792 eius
1575 4751 1677 4790 nomen

352 4839 385 4898 in
421 4837 514 4897 Aurei
550 4849 664 4896 mutare
700 4835 895 4896 Detlefsenus
938 4837 1091 4914 municipii
1126 4837 1287 4914 Aurgitani
1329 4837 1406 4895 maie
1441 4855 1567 4906 memor,
1601 4832 1677 4911 quod

355 4949 402 5000 est
427 4941 569 5018 oppidum
597 4939 845 4998 mediterraneum
869 4939 971 5014 (hodie
996 4939 1085 5015 Jaeo)
1115 4939 1184 4996 inde
1210 4941 1299 5015 longe
1328 4939 1451 4998 distans.
1507 4939 1582 4998 Inter
1608 4954 1675 4993 con-

354 5051 461 5103 ventus
485 5041 691 5102 Cordubensis
714 5041 825 5119 oppida
847 5042 934 5100 etiam
962 5060 980 5098 a
1001 5041 1176 5102 Ptolemaeo
1199 5041 1243 5118 (2,
1266 5043 1294 5114 4,
1320 5041 1371 5116 11)
1398 5041 1520 5119 ponitur
1544 5028 1674 5120 Μουργῖςς

338 5146 451 5205 cidem
473 5145 505 5222 (ξ
523 5145 576 5222 14)
598 5145 780 5202 Βαστιτανῶν
801 5133 940 5227 παράλιος
968 5153 1015 5203 est
1041 5132 1145 5227 Οὗρκη.
1204 5142 1370 5202 Confirmat
1400 5145 1475 5202 haec
1501 5139 1672 5202 itinerarium

355 5247 609 5318 Antoninianum
624 5247 655 5305 in
673 5247 721 5304 ria
736 5247 815 5304 enim
830 5247 904 5305 Acci
918 5247 1078 5319 Malacam,
1094 5264 1172 5322 quae
1187 5247 1348 5306 maximam
1369 5255 1483 5326 partem
1500 5264 1575 5304 oram
1588 5240 1672 5300 mari·

357 5351 459 5412 timam
483 5349 626 5428 sequitur,
649 5349 706 5408 hae
728 5349 899 5410 mansiones
921 5357 1116 5409 recensentur
1138 5349 1181 5427 (p.
1198 5349 1269 5422 404,
1282 5349 1329 5426 6):
