3520 6006
566 573 640 625 anx
658 573 740 634 con,
762 573 990 626 oannmvan.
1375 555 1444 626 127

113 756 211 808 autem
234 767 326 826 supra
348 748 473 808 multam
496 749 620 825 pignera
641 747 775 820 verbera,
796 758 869 828 puta
891 749 998 826 capitis
1021 749 1069 808 vel
1092 749 1308 826 ignominiosae
1329 751 1446 810 missio·

113 851 159 910 uls
185 853 234 911 ius
262 852 290 910 ei
316 871 379 910 non
405 858 461 910 est.
504 851 589 910 Haec
614 853 788 910 constitutio
810 861 910 912 utrum
932 851 970 910 ad
992 853 1149 912 uniuersas
1170 853 1234 911 eius
1256 853 1363 911 aetatis
1386 853 1447 912 Ro-

112 973 217 1012 mauae
243 954 358 1014 formae
384 972 434 1013 res
460 954 595 1030 publicas
622 954 791 1031 perveniat,
818 973 858 1014 sn
883 964 1006 1033 propter
1033 954 1236 1014 condicionem
1265 954 1447 1032 peculiarem

113 1057 218 1132 oppidi
241 1056 353 1116 conditi
375 1057 406 1114 in
429 1057 528 1116 media
541 1057 689 1132 Hispania
710 1057 852 1116 ulteriore
873 1057 1029 1133 provIncia
1049 1075 1155 1134 parum
1171 1057 1325 1116 etiamtum
1341 1066 1449 1135 pacata

112 1168 232 1237 recepta
255 1160 304 1232 sit,
327 1159 520 1218 determinari
541 1177 601 1216 non
623 1167 736 1236 potest3
760 1159 813 1217 sed
828 1160 883 1218 etsi
898 1161 956 1219 hoc
969 1159 1134 1236 praeferas,
1157 1169 1235 1218 certe
1251 1177 1328 1236 quae
1343 1161 1447 1219 eodem

112 1263 176 1320 loco
205 1273 309 1321 essent
336 1261 469 1321 colonias
497 1261 718 1340 municipiaque
743 1263 965 1340 provinciarum
991 1262 1221 1342 longinquarum
1244 1281 1279 1322 eo
1301 1253 1364 1322 iure
1387 1281 1445 1322 non

111 1366 207 1442 magis
230 1365 365 1426 carnisse
387 1371 618 1424 consentaneum
641 1371 697 1424 est.

190 1467 295 1526 Etiam
321 1467 359 1526 de
380 1467 544 1526 munitione
565 1485 641 1544 quae
664 1475 806 1526 caventur
829 1485 853 1526 c.
870 1465 1009 1526 XCVIII
1032 1467 1084 1544 (3,
1105 1466 1257 1543 23-36)
1279 1478 1340 1527 tam
1363 1471 1446 1528 novi·
1464 1482 1577 1534 Munitis

111 1577 167 1628 tate
191 1587 250 1628 sua
271 1587 361 1646 quam
382 1569 536 1647 primitiva
550 1577 699 1628 vetustate
720 1571 975 1628 commendantur.
1013 1569 1115 1645 Opera
1132 1569 1252 1647 publica
1266 1589 1330 1628 curn
1346 1579 1445 1648 poste-

110 1673 187 1731 riore
216 1680 352 1748 tempore
380 1673 593 1749 perficerentur
618 1673 680 1730 fere
702 1693 756 1750 per
778 1671 997 1748 redemptores,
1025 1672 1237 1748 antiquissima
1263 1675 1446 1734 consuetudo

110 1793 184 1850 quae
207 1775 284 1854 ipsis
307 1775 391 1834 urbis
411 1775 568 1833 moenibus
590 1793 698 1834 nomen
721 1775 812 1845 dedit,
834 1793 994 1852 operarum
1016 1782 1076 1832 tam
1099 1775 1251 1834 homiuum
1273 1794 1363 1852 quam
1381 1777 1444 1838 ani-

111 1877 233 1936 malium
261 1878 299 1936 ab
326 1877 402 1952 ipsis
430 1877 544 1936 civibus
571 1877 783 1953 exigendarum
806 1877 848 1935 ita
869 1875 1042 1935 oblitterata
1063 1884 1122 1947 est,
1151 1885 1183 1934 nt
1204 1877 1284 1954 apud
1306 1888 1444 1938 auctores

110 1997 184 2054 quos
210 1981 355 2038 habemus
378 1979 471 2038 exilia
492 1989 605 2039 tantum
627 1981 692 2038 eius
714 1979 842 2058 vestigia
864 1978 1132 2054 deprehendantur,
1154 1979 1285 2037 maxime
1308 1981 1358 2039 ubi
1381 1983 1445 2058 agi-

110 2092 154 2140 tur
180 2082 221 2140 de
243 2083 294 2140 via
318 2079 530 2159 munienda¹).
575 2081 743 2142 Secundum
766 2081 843 2140 hanc
865 2081 960 2157 legem
982 2099 1032 2139 res
1054 2081 1097 2138 ita
1117 2082 1281 2155 ordinator,
1303 2093 1335 2142 ut
1357 2083 1443 2142 decu-

109 2185 226 2243 rionum
250 2185 291 2242 sit
312 2185 471 2244 decernere
492 2185 529 2242 de
551 2184 725 2255 muniend03
754 2185 798 2242 ita
818 2185 896 2242 enim
918 2183 969 2242 lex
991 2185 1124 2261 loquitur
1145 2191 1262 2242 vetusto
1284 2203 1382 2256 more,
1411 2191 1444 2243 ut

108 2287 208 2364 ipsum
235 2305 313 2363 opos
340 2305 378 2344 ne
407 2289 555 2358 enuntiet,
583 2266 675 2346 immo
702 2287 917 2364 complectatur
943 2303 1146 2362 quascumque
1171 2304 1278 2364 operas
1309 2287 1443 2346 homines

108 2390 344 2465 qualescumque
370 2389 549 2448 animalisve
575 2389 672 2448 lacere
698 2389 831 2467 possint,
859 2389 923 2448 sive
950 2387 986 2445 de
1008 2389 1058 2446 via
1078 2390 1239 2448 sternenda
1259 2389 1358 2468 agitur
1379 2390 1444 2449 sive

109 2492 143 2550 de
165 2491 327 2550 moenibus
349 2491 493 2552 faciendis
514 2492 578 2550 sire
599 2491 637 2550 de
658 2491 793 2550 aedilicio
815 2491 917 2568 aliquo
932 2491 1107 2550 extruendo.
1144 2491 1320 2550 Indicantur
1335 2510 1444 2569 operes

110 2593 300 2669 patrimoniis
327 2595 366 2652 ad
388 2595 560 2670 exemplum
583 2613 739 2654 munerum
760 2611 877 2666 eorum,
905 2611 996 2670 qnae,
1024 2602 1058 2652 nt
1079 2593 1121 2652 ait
1141 2593 1216 2652 iuris
1239 2593 1396 2671 auctori),
1419 2605 1446 2654 st

110 2699 137 2756 li
161 2702 216 2775 qui
242 2715 331 2773 osque
357 2701 512 2773 municipes
538 2715 628 2774 nsque
653 2699 763 2756 incolas
788 2707 855 2755 sunt
874 2697 1046 2772 adprosam
1067 2705 1219 2772 coquatur:
1247 2697 1362 2755 scilicet
1382 2705 1443 2756 tam

110 2803 190 2858 eires
218 2809 248 2858 et
273 2799 406 2870 incolae,
433 2801 491 2858 etsi
512 2816 706 2877 possessores
728 2817 789 2858 non
812 2807 894 2870 sunt,
921 2815 1011 2874 quam
1033 2815 1240 2875 possessores,
1267 2799 1323 2858 etsi
1347 2818 1443 2876 neque

110 2903 188 2962 cives
213 2909 285 2960 sunt
310 2920 406 2978 neque
432 2901 563 2973 incolae,
592 2901 629 2959 ad
656 2901 849 2960 munitionem
872 2901 1100 2978 compelluntur.
1143 2900 1304 2978 Negotium
1326 2901 1443 2961 iniunc-

112 3015 171 3064 tum
194 2991 315 3080 duplex'
329 3013 389 3062 est:
417 3005 594 3081 quicumque
615 3005 747 3063 iumenta
769 3003 952 3081 plaustraria
973 3003 1077 3076 habet,
1100 3003 1130 3060 in
1152 3003 1223 3080 iuga
1244 3003 1364 3080 singula
1384 3013 1442 3064 ter·

113 3125 164 3164 nas
191 3125 247 3182 per
274 3124 384 3164 annum
413 3123 521 3182 operas
548 3115 702 3184 praestare
728 3106 858 3184 cogitur3
886 3105 1067 3182 quicumque
1088 3123 1179 3164 manu
1201 3123 1322 3182 operam
1344 3107 1443 3166 facere

113 3216 209 3284 potest
229 3218 259 3267 et
279 3225 373 3268 annos
396 3215 484 3267 natus
505 3216 552 3268 est
573 3209 642 3284 plus
658 3207 766 3276 XIIII,
787 3209 886 3266 miuus
901 3205 959 3264 LX
981 3207 1070 3283 quive
1092 3225 1197 3268 servos
1219 3208 1308 3267 habet
1329 3209 1356 3267 ei
1371 3227 1442 3287 ope·

112 3329 161 3369 rae
181 3328 270 3389 pares
293 3311 485 3388 eiusdemque
507 3309 661 3387 sentiet),
684 3311 715 3369 in
736 3309 872 3388 singulos
895 3309 1031 3368 homines
1053 3309 1160 3386 quinas
1181 3329 1235 3386 per
1249 3329 1358 3370 annum
1373 3330 1442 3388 ope-

112 3431 160 3472 ras
182 3425 343 3490 praestare.
380 3413 427 3471 Ad
449 3413 525 3472 hanc
545 3413 641 3491 legem
663 3433 739 3490 qnae
759 3413 898 3490 proxime
920 3411 1051 3481 accedat,
1073 3413 1246 3471 constitutio
1268 3422 1315 3471 est
1336 3432 1362 3472 a.
1380 3414 1439 3474 417

114 3514 202 3592 (cos.
216 3515 275 3576 Th.
295 3516 348 3588 15,
365 3517 393 3587 3,
410 3515 428 3574 5
446 3539 482 3565 =
501 3513 534 3574 Ο.
550 3516 623 3574 lust.
643 3515 690 3587 10,
706 3514 756 3588 25,
773 3514 807 3591 2)
828 3515 915 3574 haec:
935 3533 989 3590 per
1002 3515 1170 3592 Bithyniam
1191 3523 1353 3592 ceterasque
1370 3535 1442 3592 pro·
1489 3527 1492 3537 ’

113 3622 220 3678 cincius
241 3637 422 3695 possessores
444 3627 470 3676 et
490 3621 669 3695 reparationi
688 3618 798 3694 publici
819 3621 934 3694 cyperis
955 3628 981 3676 et
1002 3621 1100 3676 ceteris
1122 3618 1259 3675 eiusmodi
1279 3619 1441 3678 muneribus

111 3739 165 3795 pro
186 3725 315 3797 luporum
335 3739 450 3780 numero
472 3721 518 3779 oei
539 3724 673 3797 capitum,
695 3739 769 3797 quos
780 3721 929 3796 possidere
942 3729 1106 3791 noscuntur,
1129 3721 1274 3795 adstringi
1289 3732 1441 3796 caponum

115 3822 164 3880 ubi
188 3823 257 3900 iuga
282 3823 318 3881 ad
347 3823 491 3882 aalmalia
515 3832 650 3899 spectare
672 3822 824 3894 videntur,
851 3822 950 3897 capita
975 3821 1014 3880 ad
1036 3839 1149 3880 servos.
1194 3821 1328 3880 Finitum
1349 3823 1441 3883 fuisse

116 3925 255 3984 eiusmodi
277 3943 435 4002 operarum
456 3943 613 3984 numerum
634 3945 688 4004 per
710 3925 844 4002 singulos
866 3941 961 3983 annos
983 3923 1197 4000 exigendarum
1219 3943 1298 3984 nunc
1312 3925 1441 4004 primurn

117 4027 250 4086 certiores
275 4027 344 4086 sacti
371 4045 483 4087 sumus.
528 4028 646 4087 Aetatis
668 4027 786 4087 termini
809 4046 875 4086 cum
897 4047 951 4104 per
972 4045 1004 4085 se
1026 4026 1176 4085 notissimi
1197 4027 1271 4098 sint,
1300 4027 1336 4086 de
1361 4046 1440 4088 anno

118 4128 205 4186 XIIII
224 4129 388 4207 pubertatis
410 4130 496 4189 initio
517 4129 650 4208 legitimo
672 4131 802 4190 omnium
825 4148 901 4207 quae
922 4130 1066 4189 habemus
1087 4129 1323 4189 testimoniorum
1338 4131 1396 4190 hoc
1409 4133 1441 4190 ni

121 4341 314 4352 ——

193 4493 214 4556 ¹)
240 4496 330 4548 Cicero
355 4513 403 4562 pro
422 4496 532 4548 Fonteio
553 4497 568 4547 8
587 4493 628 4560 [4]
654 4503 757 4546 enamst
776 4497 833 4546 vise
851 4496 985 4546 Domin'ae
1010 4495 1180 4544 munitionem
1199 4495 1294 4544 tactam
1313 4497 1384 4548 iusso
1402 4495 1441 4548 M.

122 4585 216 4636 Fonteii
232 4589 393 4654 proconsulis
413 4588 528 4640 Galliaez
548 4589 631 4639 coacti
649 4595 706 4638 mot
724 4589 818 4638 munire
838 4604 920 4639 omnes
938 4595 962 4638 et
979 4587 1109 4637 multorum
1127 4603 1205 4655 opero
1224 4585 1367 4654 improbato
1385 4594 1443 4638 suat

123 4685 147 4725 et
170 4693 228 4743 quta
251 4689 400 4748 sequuntur.
438 4682 541 4734 Siculus
561 4682 670 4732 Flaccus
689 4699 714 4746 p.
730 4683 782 4732 145
807 4689 943 4748 postquam
968 4681 1036 4730 dixit
1060 4680 1159 4730 deviis
1182 4681 1292 4745 publicis
1311 4695 1376 4745 quae
1395 4695 1443 4745 per

124 4770 286 4836 redemptores
305 4774 478 4835 munirentur,
498 4773 627 4834 victuales,
648 4775 741 4838 inquit,
763 4773 838 4823 aliter
856 4773 999 4822 muniuntur
1013 4788 1063 4839 per
1077 4787 1177 4838 papas,
1197 4771 1226 4822 id
1244 4779 1280 4822 est
1294 4789 1344 4840 per
1361 4774 1441 4840 mapi-

125 4869 187 4911 rtros
197 4880 329 4932 paporum,
355 4867 400 4932 qui
417 4881 509 4934 operas
529 4883 545 4916 a
559 4863 748 4934 possessoribus
766 4865 802 4916 ad
818 4881 862 4918 eos
880 4863 987 4914 mendas
1005 4865 1103 4930 erigere
1122 4864 1193 4916 soliti
1210 4871 1274 4915 sunt.
1314 4865 1355 4914 ct.
1376 4865 1441 4915 Cato

126 4953 156 5002 de
174 4969 193 5004 r.
209 4973 229 5007 r.
248 4961 271 5020 2,
286 4961 312 5009 4.
351 4957 631 5022 Cod.Thsod.15,3.
670 4959 749 5010 Kuhn
768 4955 844 5008 stridt.
864 4954 931 5023 Vers.
953 4961 978 5019 1,
993 4957 1036 5008 62.

195 5063 217 5127 ²)
243 5068 302 5134 urg.
317 5069 361 5130 so,
376 5071 402 5131 4,
418 5071 461 5131 ιε,
477 5071 521 5120 aa.

196 5172 218 5237 ⁸)
241 5179 306 5230 Nam
327 5179 405 5230 rerba
429 5179 456 5229 ia
481 5177 591 5230 homines
615 5179 728 5246 singulos
747 5177 856 5247 puberes
879 5180 999 5230 ridentur
1023 5177 1229 5243 complectimur
1249 5171 1441 5243 liberosqnsm

130 5279 214 5317 servm.
