3520 6006
363 599 436 672 154
931 621 1109 674 consens:

442 791 502 853 Hic
524 794 600 852 alter
621 801 721 854 textus
743 793 820 852 tituli
835 794 998 854 Dianensis
1021 795 1066 872 (b)
1088 815 1154 855 cum
1177 796 1267 855 trium
1288 796 1503 856 vocabulorum
1525 797 1678 874 scriptione

362 893 480 954 differat
501 897 539 955 ab
560 896 614 954 illo
635 897 735 974 priore
757 896 815 974 (a),
841 898 940 958 faeere
961 917 1022 956 non
1043 917 1178 976 possum,
1200 899 1274 975 quin
1297 907 1453 976 utrumque
1475 899 1539 957 eius
1560 917 1679 976 apogra-

358 997 451 1074 phum
472 998 521 1058 hic
542 1001 575 1058 in
596 1009 759 1076 conspectu
781 1018 903 1078 ponam:

530 1229 559 1266 α.
610 1223 754 1285 nononis,
791 1225 900 1268 namen
1063 1211 1090 1269 b.
1134 1225 1290 1270 metrorus
1317 1241 1324 1255 ·
1351 1227 1473 1270 nonusis

607 1325 678 1370 onis
700 1311 764 1371 nrnl
786 1328 832 1371 siz
857 1328 916 1372 exo
1136 1323 1470 1377 consumetur-ero

608 1429 768 1474 sensus
810 1431 914 1473 tans
1135 1429 1473 1473 ennete-tans

439 1617 508 1677 Hoc
544 1617 670 1677 alterum
707 1619 914 1698 apographum
953 1617 1183 1695 imprimendum
1219 1619 1343 1678 curavit.
1386 1617 1430 1680 St
1467 1620 1679 1692 Macchiarolli‚

355 1720 454 1778 Dieuc
490 1740 505 1778 e
540 1721 702 1780 Iomouimo
731 1703 791 1781 'ecc
825 1723 911 1780 calle.
947 1721 1027 1798 Nep.
1063 1700 1157 1791 wls,
1180 1741 1212 1797 p.
1243 1721 1308 1780 271.
1358 1723 1495 1800 Apparet
1529 1723 1622 1800 igitur
1653 1725 1679 1782 in

355 1823 528 1900 apographo
563 1843 583 1882 u
617 1824 761 1902 scriptum
797 1841 876 1882 esse:
919 1831 1051 1890 λαπονις,
1090 1823 1121 1881 in
1156 1824 1188 1882 b:
1225 1831 1374 1891 αλαπονις,
1408 1826 1438 1883 in
1476 1846 1511 1884 a:
1548 1847 1623 1893 erre,
1652 1827 1679 1884 in

355 1927 386 1984 b:
416 1947 504 1993 οπιες,
528 1926 560 1984 in
586 1945 621 1984 a:
655 1922 781 2006 walafr,
806 1928 837 1985 iu
864 1927 893 1984 b:
917 1921 1041 2004 cunfo,
1072 1925 1104 1983 in
1138 1945 1159 1983 a
1189 1927 1283 1984 semel
1313 1935 1428 1986 tantum
1461 1928 1679 2004 interpunctum

355 2047 423 2088 esse
457 2037 528 2106 post
562 2050 632 2095 πιω,
670 2029 771 2106 ibique
811 2029 898 2106 signo
937 2047 1043 2104 parum
1078 2037 1178 2101 recto,
1218 2028 1249 2086 in
1286 2029 1302 2086 b
1338 2038 1444 2105 quater
1479 2041 1592 2106 puncta
1626 2029 1680 2088 suis

354 2130 431 2189 locis
451 2131 631 2207 interposita
652 2149 718 2190 esse
741 2140 771 2190 et
796 2140 866 2208 post
887 2154 940 2188 πιω
963 2131 1021 2188 tria
1041 2143 1152 2207 puncta
1171 2141 1252 2190 recte
1273 2131 1421 2204 restituta.
1464 2132 1572 2208 ltaque
1594 2133 1680 2191 nemi·

354 2251 423 2292 nem
444 2231 547 2310 sugere
568 2241 677 2310 potest,
703 2233 910 2311 apographum
931 2233 1075 2292 Mandelli
1097 2234 1128 2292 in
1149 2233 1207 2290 line
1228 2233 1390 2292 voluminis
1413 2235 1536 2294 secundi
1557 2235 1628 2294 libri
1648 2235 1680 2292 de

353 2334 488 2394 Lucania
509 2337 611 2413 scripti
633 2335 764 2414 positum
779 2335 795 2393 b
811 2337 979 2394 accuratius
1000 2345 1030 2393 ct
1050 2335 1213 2396 correctius
1236 2335 1382 2412 scriptum
1400 2354 1479 2410 esee,
1500 2355 1592 2414 quam
1614 2337 1679 2395 alte·

353 2459 430 2510 rum,
452 2447 612 2516 postquam
635 2437 806 2498 auctoribus
823 2439 897 2496 viris
912 2435 1027 2497 Graece
1050 2437 1145 2497 doctis
1166 2437 1297 2514 lapidem
1319 2438 1418 2497 denuo
1439 2438 1577 2515 inspexit
1598 2447 1679 2516 atque

353 2541 547 2614 examinavit,
572 2540 727 2617 lectionem
749 2558 820 2598 vero
842 2535 955 2618 ruofo
976 2540 1007 2598 in
1035 2541 1051 2598 b
1073 2558 1128 2616 pro
1150 2535 1266 2619 catorio
1287 2540 1357 2598 inde
1379 2549 1476 2600 ortam
1498 2558 1577 2612 esse,
1605 2541 1677 2617 quod

353 2643 452 2702 media
476 2643 557 2702 linea
582 2643 699 2702 litterae
720 2661 741 2700 Α
765 2643 797 2700 in
823 2661 971 2702 marmore
997 2642 1097 2701 deleta
1123 2651 1176 2700 aut
1202 2628 1398 2702 evanescente
1427 2645 1563 2702 restabat
1589 2643 1679 2702 forma

354 2743 490 2805 Graecae
515 2746 633 2805 litterae
654 2763 683 2804 n.
727 2743 802 2803 Inde
829 2745 977 2822 sequitur,
1005 2751 1039 2803 ut
1064 2753 1165 2804 textus
1186 2745 1391 2822 inscriptionis
1412 2744 1579 2806 Dianensis
1607 2747 1679 2804 bunc

354 2848 386 2907 in
407 2847 528 2908 modum
551 2848 775 2908 constituendus
798 2849 851 2907 sit:

848 3039 883 3092 A.
906 3037 1030 3096 Λαπονις
1050 3029 1180 3114 lloeufpts
1289 3003 1291 3014 Ι

829 3141 918 3197 Onera
939 3155 991 3193 πιω
1013 3159 1073 3195 cro.
1096 3159 1153 3194 exc.
1171 3169 1208 3180 —
1277 3142 1280 3152 '

904 3234 1028 3318 tenete
1044 3234 1132 3317 fau.

349 3515 351 3520 .
434 3463 520 3522 Haec
540 3463 631 3543 igitur
653 3464 747 3522 verbs
771 3461 985 3538 interpretandi
1005 3477 1114 3521 munus
1136 3462 1311 3538 priusquam
1326 3461 1441 3535 obeam,
1461 3463 1499 3521 de
1515 3462 1678 3522 litterarum
1740 3527 1741 3542 ἢ

352 3565 538 3626 Graecarum
560 3583 618 3625 usu
639 3576 670 3624 et
690 3565 800 3637 forma,
832 3563 940 3641 quibus
968 3565 1072 3640 scripti
1094 3573 1177 3636 suut,
1206 3565 1305 3622 habeo
1326 3565 1407 3640 quod
1429 3565 1678 3641 praemonendum
1740 3549 1741 3626 l

350 3670 495 3728 videatur.
538 3669 696 3746 Apparent
717 3668 809 3744 igitur
829 3667 861 3724 in
882 3665 940 3724 boc
960 3667 1050 3726 titulo
1072 3685 1139 3726 cum
1161 3666 1295 3726 brevium
1317 3667 1494 3726 vocaliume
1516 3676 1546 3726 et
1567 3689 1579 3723 o
1602 3667 1677 3725 litte

349 3790 410 3844 rae,
432 3781 495 3830 tum
517 3771 675 3850 longarum
697 3795 713 3840 η
735 3777 766 3827 et
787 3793 818 3842 ω,
841 3778 873 3826 at
893 3769 1065 3845 promiscuo
1087 3787 1143 3828 usu
1164 3769 1326 3841 adhibitae,
1347 3779 1407 3828 uta
1424 3777 1483 3828 eto
1506 3770 1594 3828 etiam
1616 3770 1677 3828 lon·

349 3891 454 3952 garum
476 3873 626 3932 vocalium
648 3871 716 3930 locu
744 3871 861 3948 positae
889 3871 950 3930 sint
975 3871 1007 3928 in
1024 3865 1102 3950 fuas
1128 3889 1183 3947 pro
1204 3872 1283 3941 nula,
1311 3893 1358 3928 εκο
1385 3889 1439 3947 pru
1461 3871 1530 3943 elec,
1558 3875 1676 3930 laneus

348 3993 403 4054 pro
419 3973 591 4052 Lampum'e,
615 3983 748 4042 contras
764 3983 794 4031 et
813 3996 832 4030 ω
855 3973 944 4031 etiam
966 3974 1074 4031 breves
1096 3974 1216 4032 vocales
1238 3973 1408 4050 significent
1428 3973 1460 4032 in
1474 3969 1603 4052 llaafrre
1623 3991 1675 4048 pro

348 4076 473 4136 Palaeis
496 4085 599 4150 eterno
622 4095 678 4152 pro
700 4074 818 4152 pio(m)‚
839 4075 871 4134 id
893 4073 971 4152 quod
994 4093 1033 4134 ex
1054 4076 1298 4152 interpretatione
1320 4094 1397 4152 quae
1419 4075 1556 4152 sequitur
1570 4075 1674 4133 clarius

348 4179 483 4239 elucebit.
528 4176 606 4238 Cum
632 4179 664 4236 in
690 4177 758 4238 aliis
785 4177 986 4236 monumentis
1010 4175 1100 4236 Oscis
1123 4173 1240 4238 Graece
1263 4179 1385 4254 scriptis
1411 4186 1475 4236 tum
1498 4177 1623 4237 maxime
1645 4175 1673 4233 in
1739 4231 1740 4260 1

347 4283 434 4341 titulo
449 4283 581 4340 Anxano
595 4279 786 4338 Lucanorum
808 4288 838 4337 et
851 4279 1034 4339 Messincnsi
1056 4280 1301 4339 Mamertinorum
1322 4279 1439 4338 litteras
1461 4304 1478 4350 η
1501 4289 1531 4339 et
1552 4303 1572 4337 u
1594 4279 1673 4337 iuxta
1739 4287 1740 4299 ¹

347 4405 361 4440 r
383 4392 414 4443 et
434 4408 447 4442 o
469 4385 577 4442 breves
599 4382 721 4452 vocales
743 4382 922 4458 significare,
944 4381 976 4440 in
998 4383 1247 4442 commentatione
1269 4383 1305 4440 de
1327 4381 1573 4458 inscriptionibus
1588 4379 1672 4440 Oscis

347 4486 457 4544 litteris
480 4485 608 4545 Graccis
635 4485 788 4560 conceptis
816 4485 1018 4542 demonstrari
1046 4483 1101 4560 (Z.
1117 4487 1146 4560 J.
1167 4483 1256 4560 carpi.
1280 4481 1350 4560 Spr.
1373 4483 1505 4553 XVIII,
1528 4483 1587 4542 190
1605 4481 1668 4558 sp).

345 4587 452 4665 Itaque
475 4587 513 4646 ad
534 4588 655 4652 illorum
678 4587 833 4645 titulorum
857 4585 1081 4644 similitudinem
1102 4587 1240 4662 proxime
1261 4585 1376 4644 accedit
1396 4586 1563 4645 litterarum
1586 4583 1671 4644 Grae·

349 4708 451 4750 carum
472 4707 548 4748 usus
570 4689 602 4748 in
624 4707 771 4748 marmore
794 4686 942 4746 Dianensi
963 4687 1155 4746 Lucanorum
1176 4688 1367 4766 conspicuus.

428 4791 496 4852 Iam
521 4799 555 4850 ut
582 4791 621 4850 ad
646 4791 743 4868 ipsam
765 4791 854 4849 buius
877 4789 957 4848 tituli
977 4790 1254 4864 interpretationem
1276 4790 1448 4867 aggrediar,
1475 4795 1596 4851 Aureum
1614 4785 1668 4844 Tb.

345 4895 516 4955 Mommsen
541 4893 618 4951 vidit
642 4891 720 4952 idem
741 4911 850 4952 nomen
872 4891 981 4968 gentile
1003 4909 1071 4950 esse
1096 4911 1132 4949 ac
1153 4891 1196 4949 M.
1219 4891 1366 4968 Lampsos·
1386 4891 1504 4952 Lucani
1524 4887 1668 4951 fortissimi

345 4997 427 5055 illius
450 4997 600 5056 sociorum
621 4995 653 5054 in
674 4995 754 5053 bello
770 4994 901 5053 Marsico
921 4993 1015 5065 ducis,
1039 4993 1089 5070 qui
1111 5011 1202 5072 aegre
1223 4995 1343 5053 tandem
1366 5003 1435 5054 ente
1456 5004 1560 5072 portas
1581 4989 1666 5069 ipsius

345 5098 428 5157 urbis
450 5116 517 5156 cum
538 5097 640 5156 Pontio
666 5097 791 5155 Telesino
814 5098 908 5155 victus
930 5103 977 5154 est
998 5093 1074 5152 aL.
1099 5093 1195 5155 Sulla.
1229 5095 1348 5155 Etenim
1370 5097 1510 5174 quumvis
1533 5089 1667 5154 vocabula

346 5197 429 5260 Osca
442 5197 644 5276 Pompeiam,
668 5199 888 5276 comprobatum,
910 5205 1030 5276 corpere,
1053 5198 1198 5275 omproficl
1218 5197 1435 5258 consonantem
1448 5219 1477 5257 m
1498 5205 1666 5277 sequenter

344 5302 492 5380 integram
512 5301 700 5360 servaverint
721 5299 936 5378 (Bruppccben
954 5297 1056 5357 Loutl.
1072 5299 1101 5358 d.
1122 5298 1191 5359 Oak.
1207 5298 1278 5376 Spr.
1296 5320 1328 5378 p.
1345 5303 1381 5361 71
1395 5301 1465 5380 sp),
1487 5311 1583 5360 tamen
1602 5313 1663 5354 con-
