3520 6006
350 625 397 696 98
960 645 1066 698 nossr

429 819 466 880 V.
484 819 615 880 11-13.
659 818 802 891 Latinas,
831 827 902 896 post
922 819 1050 897 primam
1074 838 1175 877 earnm
1198 820 1429 878 celebrationem
1451 819 1517 878 Illl
1538 819 1594 878 eid.
1609 819 1668 878 lau.

346 924 453 980 iterum
470 923 517 980 ΙΙΙ
531 941 601 982 non.
618 921 718 994 Febr,
740 923 831 980 tertio
853 922 915 980 kal.
932 921 1003 980 Mai.
1024 921 1093 996 (sic,
1116 941 1177 980 nun
1198 937 1281 992 roma,
1303 922 1333 978 in
1355 921 1402 979 his
1424 922 1513 979 fastis
1535 933 1670 998 perpetuo

272 1073 273 1077 ,
347 1025 510 1102 scriptum)
537 1025 595 1082 hoc
621 1043 699 1083 anno
726 1024 912 1084 instauratas
934 1023 1071 1082 versibus
1096 1021 1144 1096 12,
1170 1025 1207 1081 13
1235 1025 1383 1101 sagaciter
1410 1023 1558 1100 suppletis
1578 1023 1673 1082 docuit
1751 1065 1752 1068 η

346 1126 515 1186 Henzenus.
561 1125 651 1200 Quod
672 1146 742 1185 vero
765 1145 866 1185 mense
889 1125 1028 1184 Ianuario
1051 1126 1197 1204 singulari
1220 1126 1359 1202 exemplo
1381 1126 1493 1184 latinae
1521 1126 1579 1184 hcc
1599 1145 1671 1184 auno

347 1231 407 1289 sint
428 1229 609 1302 celebratae,
639 1229 669 1286 id
692 1249 708 1286 e
730 1247 921 1286 romanorum
944 1228 1171 1306 magistratuum
1200 1228 1326 1286 historia
1351 1227 1472 1304 plenam
1499 1229 1607 1305 accipit
1630 1229 1671 1286 lu-

346 1352 420 1391 cem.
453 1331 656 1391 Decemvirali
678 1331 755 1390 enim
779 1331 904 1407 imperio
927 1332 1083 1406 abrogato,
1105 1330 1255 1388 consulari
1277 1331 1427 1401 restituto,
1449 1331 1521 1388 novi
1540 1331 1672 1390 consules

344 1434 505 1494 Decembri
527 1452 631 1494 mense
645 1444 734 1493 extra
756 1433 889 1504 ordinem
906 1441 977 1492 sunt
991 1433 1084 1491 creati
1107 1432 1299 1507 (Mommsen,
1321 1431 1440 1490 Horrore
1463 1431 1481 1490 l.
1498 1452 1524 1490 c.
1541 1453 1573 1509 p.
1589 1433 1670 1508 38l):

345 1538 455 1614 iisque,
484 1538 541 1596 nisi
569 1537 672 1596 latinis
698 1536 843 1613 peractis,
871 1536 903 1592 in
925 1535 1098 1612 ingruentes
1123 1534 1228 1594 hostes
1256 1535 1406 1613 proficisci
1434 1535 1557 1592 minime
1585 1536 1671 1594 licuit.

346 1637 409 1698 Cur
435 1640 543 1698 iterum
570 1648 600 1698 et
626 1640 714 1698 tertio
740 1640 925 1697 instauratae
951 1637 1045 1696 leriae
1071 1637 1146 1708 sint,
1174 1644 1273 1695 utrum
1301 1637 1380 1712 quod
1407 1637 1521 1712 primae
1549 1638 1674 1714 itemque

345 1741 457 1801 alterae
484 1743 610 1801 vitiosas
639 1741 767 1800 fuissent
799 1761 837 1798 an
865 1741 903 1799 ob
932 1757 1096 1816 prosperos
1124 1757 1282 1798 successus
1315 1739 1452 1814 publicae
1484 1741 1673 1816 supplicatio-
1751 1793 1752 1806 ,

344 1845 392 1904 nis
414 1845 520 1921 gratia,
542 1863 580 1906 ne
594 1844 661 1922 ipse
675 1842 795 1920 quidem
811 1843 1016 1901 Mommsenus
1038 1841 1136 1920 potuit
1151 1841 1274 1900 delinire
1296 1841 1331 1916 (l.
1347 1859 1372 1899 c.
1395 1861 1425 1918 p.
1439 1841 1525 1918 384).
1560 1842 1674 1901 Trium·
1751 1833 1752 1908 J

344 1947 473 2024 phorum
494 1957 573 2006 certe
595 1965 688 2004 causa
708 1945 846 2004 decretae
873 1945 943 2002 illae
971 1962 1029 2002 non
1052 1951 1136 2015 sunt;
1163 1944 1262 2004 idibus
1284 1943 1362 2004 enim
1385 1941 1554 2003 Sextilibus
1575 1953 1606 2004 et
1619 1945 1674 2004 VII

343 2049 403 2108 kal.
421 2048 502 2125 Sept.
525 2049 614 2108 huius
636 2049 706 2108 anni
732 2047 897 2123 triumphos
924 2046 1078 2122 capitolini
1105 2045 1221 2123 lapides
1248 2045 1418 2124 adsignant.
1462 2045 1622 2106 Odericius
1648 2061 1675 2106 et

344 2151 489 2211 Marinius
512 2151 699 2222 dubitarunt,
725 2169 796 2207 num
817 2148 864 2207 his
885 2148 974 2208 fastis
995 2148 1088 2207 feriae
1110 2156 1225 2207 tantum
1247 2147 1517 2224 extraordinariae,
1544 2169 1673 2228 praescr·

343 2255 397 2312 tim
419 2254 626 2331 triumphales,
648 2272 708 2311 non
723 2271 795 2311 vero
814 2250 950 2322 annales,
971 2250 1082 2308 fuerint
1103 2250 1275 2326 inscriptae.
1308 2250 1406 2310 Novis
1428 2271 1507 2311 nuuc
1529 2253 1674 2332 fragmen-

344 2357 383 2414 tis
405 2357 532 2434 repertis
555 2374 615 2413 non
638 2354 727 2413 modo
749 2374 786 2413 ea
806 2353 951 2412 dubitatio
974 2359 1021 2411 est
1042 2360 1106 2410 tota
1128 2353 1256 2426 sublata,
1283 2352 1337 2412 sed
1358 2365 1514 2432 praeterea
1534 2355 1674 2414 discimus
1751 2385 1752 2390 .

345 2459 514 2519 ordinarias
541 2459 654 2536 pariter
680 2467 710 2516 et
732 2455 986 2514 extraordinarias
1012 2455 1105 2514 ferias
1130 2456 1161 2513 iu
1183 2457 1238 2514 hes
1261 2455 1380 2515 tabulas
1402 2457 1512 2515 relatas
1535 2475 1604 2516 esse
1627 2459 1674 2532 (cl.
1751 2465 1752 2498 f

343 2563 513 2623 Mommsen
540 2562 560 2620 l.
584 2580 609 2620 c.
632 2581 661 2638 p.
679 2558 757 2634 383)
785 2576 947 2634 earumque
974 2558 1147 2615 memoriam
1178 2577 1197 2616 a
1223 2558 1413 2617 decemvirali
1447 2559 1555 2619 saltem
1582 2568 1674 2620 aetate

344 2665 375 2724 in
396 2665 569 2742 pontificum
590 2663 676 2722 libris
697 2661 854 2739 diligenter
874 2677 944 2718 esse
966 2669 1125 2718 servatam.

428 2765 577 2827 Columna
597 2765 630 2824 II
659 2784 686 2822 v.
710 2764 807 2822 4-7.
850 2762 985 2821 Alterius
1012 2762 1168 2820 columnae
1195 2763 1248 2820 vix
1275 2775 1437 2842 supersunt
1467 2765 1590 2824 litterae
1616 2780 1674 2822 tar·
1751 2757 1752 2806 l

344 2887 397 2928 av.
410 2912 438 2928 ..
461 2871 504 2927 ita
525 2879 571 2929 ter
592 2868 747 2946 repetitae,
770 2873 803 2922 ut
824 2874 885 2924 tres
907 2864 1064 2924 continuos
1088 2883 1184 2924 anuos
1206 2876 1440 2943 repraesentent.
1474 2867 1523 2925 Ad
1547 2868 1604 2926 illa
1623 2868 1675 2945 igi·
1751 2855 1752 2870 ἓ

343 2987 393 3032 tur
416 2981 551 3048 tempora
576 2972 651 3030 haec
672 2969 817 3027 fastorum
839 2984 911 3044 pars
938 2967 1081 3044 pertinet,
1108 2968 1218 3044 quibus
1240 2969 1351 3027 tribuni
1373 2969 1501 3028 militum
1524 2970 1675 3029 consulari
1751 2965 1752 3042 l

343 3084 491 3152 potestate
517 3075 607 3146 terni,
641 3071 794 3149 quaterni,
826 3070 906 3141 seui,
939 3069 1040 3128 octoni
1065 3069 1158 3146 longa
1183 3089 1330 3129 annorum
1358 3071 1435 3130 serie
1460 3072 1676 3149 rempublicam
1751 3085 1752 3106 ³

340 3196 460 3236 rexere:
483 3195 610 3253 quorum
632 3174 763 3244 uomina,
786 3169 1036 3248 quemadmodum
1056 3181 1086 3230 et
1106 3172 1316 3246 decemvirum,
1339 3173 1522 3249 prolixitatis
1539 3174 1677 3234 vitandae
1751 3165 1752 3242 ἶ

341 3279 439 3359 gratia
464 3279 522 3338 hae
543 3277 663 3338 tabulae
690 3283 889 3353 praetereunt.
935 3270 1085 3332 Continuo
1107 3274 1236 3334 triennio
1258 3275 1369 3335 tribuni
1395 3275 1523 3334 militum
1551 3277 1677 3354 primum
1751 3267 1752 3352 l

340 3382 432 3441 creati
455 3381 542 3440 annis
565 3377 754 3450 ctu-3223
783 3376 889 3434 deiude
916 3375 955 3434 ab
978 3392 1056 3434 anno
1079 3373 1138 3436 328
1162 3377 1200 3436 ad
1223 3377 1282 3437 387
1306 3395 1375 3436 raro
1397 3377 1526 3437 reditum
1550 3380 1591 3438 ad
1612 3398 1678 3438 con·
1751 3383 1752 3410 l

342 3484 422 3543 sules
450 3492 505 3542 est.
548 3483 639 3541 Prior
664 3480 754 3560 igitur
780 3479 886 3538 horum
914 3477 1060 3536 fastorum
1086 3479 1226 3540 columna
1252 3480 1291 3538 ab
1317 3497 1397 3538 anuo
1419 3479 1479 3539 303
1508 3480 1548 3540 ad
1570 3501 1678 3540 annum

340 3585 489 3663 processit
515 3604 575 3644 nou
604 3585 683 3643 inira
705 3581 781 3654 319,
810 3599 871 3638 non
900 3579 980 3638 ultra
1004 3580 1075 3640 384.
1118 3581 1195 3640 Eam
1221 3589 1322 3641 tamen
1352 3581 1496 3642 mediocri
1522 3583 1678 3642 altitudine
1751 3575 1752 3638 ἶ

340 3689 436 3748 fuisse
459 3687 624 3746 litterarum
639 3685 778 3746 modulus
801 3683 832 3740 in
854 3682 923 3758 ipsa
943 3698 1063 3758 quoque
1079 3699 1198 3743 summa
1219 3683 1456 3761 praescriptione
1478 3683 1611 3762 exiguus
1632 3685 1677 3743 de·

340 3789 540 3866 monstrat1).

425 3892 484 3950 Illa
504 3891 614 3951 certius
636 3891 753 3950 definiri
775 3907 917 3950 mensura
937 3899 1050 3967 potest,
1080 3909 1141 3968 qua
1161 3889 1274 3966 pagina
1294 3889 1351 3948 fuit
1371 3907 1519 3948 annorum
1541 3889 1677 3948 exeuntis
1751 3885 1752 3952 i

341 3995 454 4056 saeculi
477 4013 496 4052 a
517 3991 638 4054 Christo
661 3994 759 4070 primi,
781 3993 912 4052 ineuntis
935 3991 1069 4052 secundi.
1101 3993 1139 4052 In
1160 3992 1248 4051 binas
1270 3991 1351 4052 euim
1373 3991 1528 4052 columnas
1550 3992 1678 4068 partitae

340 4107 427 4158 erant
447 4096 541 4156 feriae
563 4113 709 4154 annorum
733 4095 866 4165 'Il—74,
892 4093 1059 4154 106-109
1066 4115 1075 4166 3
1098 4095 1140 4154 ita
1161 4102 1194 4154 ut
1215 4113 1293 4152 anno
1315 4093 1425 4170 prioris
1448 4093 1607 4153 columnae
1631 4093 1678 4164 71,
1751 4075 1752 4170 ]

341 4181 466 4259 alterius
497 4217 592 4257 annus
621 4197 679 4256 106
707 4196 770 4256 fers
797 4195 996 4276 responderet
1023 4204 1054 4255 et
1080 4197 1124 4255 sic
1150 4197 1302 4274 deinceps.
1346 4195 1448 4271 Quare
1475 4196 1603 4273 singulis
1632 4211 1678 4252 cc·

340 4301 451 4362 lumnis
476 4299 513 4358 35
542 4300 661 4358 circiter
683 4317 778 4358 annos
806 4317 874 4358 esse
901 4299 1134 4375 comprehensos
1161 4297 1315 4360 subductis
1338 4299 1507 4358 rationibus
1529 4297 1565 4356 fit
1586 4297 1677 4356 mani·
1751 4361 1752 4366 .

340 4407 460 4464 festum.
510 4398 543 4461 Si
575 4401 680 4460 eadem
707 4403 840 4461 omniurn
867 4401 1034 4461 tabularum
1067 4417 1209 4460 mensura
1241 4401 1311 4473 fuit,
1344 4420 1363 4458 a
1390 4400 1612 4459 decemviratus
1642 4397 1677 4455 ad
1751 4397 1752 4458 f

339 4507 465 4566 Traiani
487 4513 624 4582 tempora
646 4521 769 4563 necesse
792 4513 838 4562 est
859 4505 915 4563 hos
938 4505 1035 4562 fastos
1055 4504 1162 4582 viginti
1185 4503 1293 4562 saltem
1316 4501 1470 4562 columnas
1492 4502 1647 4578 implesse.
1751 4517 1752 4574 ᾗ

424 4605 486 4668 Sed
507 4607 707 4684 fragmentum
729 4625 876 4664 annorum
899 4605 1074 4666 536-542
1097 4606 1247 4684 duplicem
1262 4605 1380 4664 videtur
1402 4604 1571 4663 columnam
1592 4603 1677 4662 exhi·
1751 4587 1752 4662 ζ

339 4711 409 4770 bere
432 4708 514 4785 (vide
537 4709 603 4786 eph.
620 4709 646 4779 I,
660 4707 725 4784 43).
758 4708 839 4768 Nam
861 4709 990 4786 siugulis
1013 4709 1100 4767 annis
1123 4709 1252 4767 maiores
1274 4708 1392 4766 litterae
1412 4715 1482 4765 sunt
1497 4705 1676 4783 adscriptae,

339 4831 417 4891 quae
438 4811 565 4871 alteram
586 4809 755 4870 columnam
777 4811 910 4871 efficiunt
930 4812 990 4870 sic:

417 5343 441 5408 ¹)
464 5345 578 5398 Litterae
595 5359 636 5396 rr.
652 5343 726 5395 1-3
746 5343 813 5395 altae
831 5348 892 5392 suut
909 5343 972 5394 mill
988 5343 1037 5406 213
1056 5357 1098 5390 vv.
1117 5341 1135 5390 4
1155 5345 1181 5390 st
1198 5354 1270 5406 seqq.
1290 5337 1350 5389 lere
1369 5338 1433 5390 mill.
1448 5337 1570 5388 18-19.
