3504 6004
391 659 698 712 oasnnvanronus
724 659 1001 712 terrenarurcsn
1028 660 1120 712 xvn.
1346 640 1417 712 259

114 831 168 907 Quo
187 841 296 892 mortuo
319 834 454 906 Thraces
476 835 507 892 in
528 834 702 911 provinciae
723 834 850 894 sormam
875 834 990 895 redacti
1012 835 1122 911 suut¹)
1150 843 1180 894 et
1207 855 1273 894 cum
1295 836 1419 895 rebella·

112 943 180 1008 rent,
204 937 288 996 armis
308 937 516 996 Romanorum
539 935 695 1013 deviem).
739 936 853 996 Eodem
876 947 1010 1016 tempore
1031 939 1131 1016 Apros
1153 938 1272 998 colonia
1293 938 1420 998 deducta

112 1046 149 1100 est
166 1037 333 1115 Claudia³).

184 1350 240 1420 10.
276 1344 428 1420 Polemo
451 1363 559 1444 Cotyis
581 1373 610 1425 et
625 1367 776 1426 Antoniae
791 1365 992 1444 Tryphaenae
1013 1365 1092 1426 filius
1115 1367 1191 1426 alter
1213 1368 1283 1444 quin
1305 1377 1335 1427 et
1355 1369 1421 1446 ipse

110 1467 207 1529 aGaio
227 1471 405 1548 imperatore
426 1487 549 1547 regnum
572 1470 684 1546 pariter
705 1478 794 1545 atque
815 1469 908 1528 irater
930 1469 1077 1546 acceperit
1099 1489 1118 1526 a
1139 1469 1301 1529 maioribus
1323 1470 1420 1547 ipsius

110 1573 240 1646 quondam
262 1573 431 1642 obtentum,
457 1572 585 1630 dubitari
612 1591 671 1630 non
699 1580 798 1649 potest
824 1581 894 1648 post
919 1583 1067 1647 repertum
1095 1572 1213 1632 titulum
1237 1571 1418 1649 Cyzicenum

109 1674 132 1730 id
151 1675 242 1751 ipsum
265 1675 386 1733 disertis
409 1675 507 1732 verbis
530 1675 731 1733 enuntiantem
741 1674 781 1750 ⁴).
820 1673 885 1732 Nec
906 1674 942 1731 de
965 1693 1000 1732 ea
1020 1695 1053 1733 re
1076 1683 1214 1733 auctores
1237 1683 1342 1747 tacent,
1366 1677 1419 1734 sed

108 1793 157 1832 non
176 1786 251 1836 recte
272 1797 338 1836 eam
361 1777 561 1848 tradiderunt;
589 1777 704 1836 scilicet
726 1777 786 1834 Dio
808 1795 874 1834 curn
897 1784 1000 1834 narrat
1022 1775 1063 1852 (p.
1082 1775 1139 1836 257
1164 1777 1233 1836 adn.
1251 1779 1283 1852 4)
1306 1775 1417 1837 Gaium

111 1878 185 1936 simul
211 1879 369 1938 Thraciam
408 1879 616 1956 adsignavisse
641 1878 870 1937 Rhoemetalcae
903 1887 932 1938 et
958 1879 1116 1939 Polemoni
1154 1879 1326 1938 Polemonis
1358 1881 1421 1938 filio

108 1999 214 2056 regnum
236 1993 392 2057 paternum
416 1983 546 2042 Pontum
569 1981 827 2053 Polemoniacum,
849 1981 891 2040 ibi
912 1981 972 2038 iam
995 1991 1119 2058 apparet
1140 2001 1209 2040 vere
1231 1984 1281 2058 agi
1303 1983 1339 2040 de
1362 1983 1421 2041 Po-

108 2083 209 2141 lemone
231 2083 405 2142 Polemonis
433 2084 512 2160 regis
538 2083 629 2142 Ponti
655 2103 715 2143 non
741 2083 817 2156 filio,
846 2083 898 2141 scd
926 2101 964 2141 ex
990 2083 1053 2142 filia
1078 2093 1202 2160 nepote,
1232 2085 1294 2142 filio
1322 2093 1420 2143 autern

109 2183 201 2262 Cotyis
228 2187 305 2262 regis
333 2185 495 2258 Thraciae,
529 2186 744 2261 salvanturque
771 2185 813 2243 ita
840 2185 918 2243 lelici
947 2185 1057 2244 decreti
1084 2182 1224 2262 Cyziceni
1251 2187 1421 2246 inventione

107 2306 172 2362 qnae
198 2289 234 2347 de
253 2289 346 2347 Ponti
373 2288 494 2365 regibus
521 2287 612 2346 dubia
638 2288 733 2346 adhuc
758 2295 939 2346 manserunt.
982 2287 1063 2346 Nam
1085 2296 1204 2346 constat
1224 2288 1312 2347 hodie
1334 2289 1422 2347 Pole-

107 2409 210 2449 monem
232 2383 437 2468 regem'Ponti
453 2389 670 2466 Pythodoridis
692 2389 829 2448 maritum
852 2389 929 2447 diem
953 2391 1064 2448 obiisse
1086 2409 1110 2449 c.
1127 2409 1154 2448 a.
1173 2389 1243 2463 746,
1266 2409 1301 2448 eo
1323 2400 1422 2450 autem

107 2493 232 2552 defuncto
254 2511 379 2552 uxorem
400 2511 523 2569 regnum
547 2493 681 2551 tenuisse
697 2501 777 2550 certe
793 2511 858 2550 cum
874 2495 1032 2568 Augustus
1048 2491 1219 2568 excessit⁵)
1243 2493 1423 2569 scripsitque

109 2591 261 2672 scebet),
287 2596 320 2654 id
346 2601 392 2652 est
419 2596 457 2653 ad
485 2614 512 2652 a.
535 2614 563 2671 p.
586 2593 657 2654 Chr.
677 2594 723 2652 19.
766 2593 884 2653 Deinde
912 2595 948 2654 de
975 2594 1065 2654 Ponti
1096 2614 1188 2674 regno
1216 2595 1287 2670 quid
1312 2595 1423 2653 factum

108 2697 141 2754 sit
159 2698 193 2756 ad
214 2718 240 2756 a
263 2717 292 2775 p.
313 2695 386 2756 Chr.
403 2697 457 2768 37,
480 2716 540 2754 non
562 2697 706 2768 traditur;
734 2716 770 2755 eo
796 2706 896 2756 autem
925 2717 1004 2756 anno
1031 2715 1156 2774 regnare
1178 2698 1313 2775 coepisse
1334 2697 1424 2756 Pole-

109 2819 212 2858 monem
234 2811 264 2858 et
280 2799 410 2858 Dionem
433 2799 549 2858 tradere
571 2799 700 2858 vidimus
723 2807 753 2858 et
773 2801 886 2858 nummi
908 2800 1081 2858 Polemonis
1104 2799 1225 2858 alterins
1248 2801 1425 2859 confirmant

107 2920 189 2960 annos
210 2903 294 2978 regui
313 2900 457 2959 habentes
479 2901 530 2977 qui
553 2910 675 2960 currant
696 2902 734 2959 ab
757 2920 834 2960 anno
857 2909 908 2959 aut
931 2902 968 2959 37
992 2923 1020 2978 p.
1037 2900 1109 2960 Chr.
1132 2911 1185 2960 ant
1206 2901 1294 2976 38⁷).
1332 2902 1424 2960 Prae·

107 3015 177 3062 terea
197 3007 226 3064 in
239 3003 420 3081 quibusdam
443 3022 548 3062 eornm
570 3023 757 3064 nummorum
779 3006 816 3063 ab
837 3005 933 3062 altera
954 3013 1037 3080 parte
1060 3011 1149 3080 caput
1170 3004 1300 3062 cernitur
1321 3003 1423 3062 mulie·

106 3105 150 3164 bre
169 3126 233 3166 cum
255 3107 457 3183 adscriptione
478 3098 658 3178 βασιλίσσης
673 3098 885 3191 Τρυφαῖνηςῧ).
923 3106 1001 3164 Eum
1022 3105 1217 3166 Polemonem
1239 3107 1333 3164 filium
1356 3123 1424 3166 esse

175 3419 198 3482 ¹)
222 3421 249 3470 A
261 3419 423 3483 Vespasiano
443 3418 546 3468 demum
566 3419 609 3483 qui
628 3419 787 3482 provinciam
801 3412 940 3470 Thraciam
955 3421 1120 3470 constitutam
1135 3433 1190 3470 esse
1204 3419 1301 3480 dicant,
1322 3417 1423 3487 decepti

108 3519 158 3560 sunt
174 3511 239 3562 ialsa
256 3513 367 3561 lectione
381 3511 449 3576 apud
464 3511 616 3563 Suetonium
629 3512 735 3576 Vespti
754 3509 888 3562 Thracium
905 3508 1020 3562 Ciliciam
1038 3529 1086 3576 pro
1103 3528 1133 3562 eo
1153 3512 1221 3578 quod
1241 3518 1280 3560 est
1298 3508 1421 3560 machiota

110 3597 220 3654 Cilicima.
273 3605 353 3655 Recte
393 3604 424 3653 de
460 3617 491 3652 ea
526 3617 553 3652 re
590 3609 649 3668 post
683 3604 748 3652 alios
779 3619 861 3668 nuper
899 3605 951 3670 egit
994 3605 1148 3670 Marquardt
1178 3602 1422 3668 Stnatsccrwaltuaq

112 3696 207 3754 1,157.

171 3785 193 3851 ²)
216 3789 306 3838 Armis
329 3787 473 3836 libertatem
497 3786 643 3837 defendisse
668 3787 783 3838 Thracas
808 3788 942 3852 Syncellua
969 3789 1006 3838 ait
1032 3789 1059 3849 (l.
1079 3789 1125 3851 c),
1154 3795 1182 3838 ut
1206 3795 1283 3838 antea
1305 3788 1421 3837 fecerant

109 3881 171 3928 516
190 3880 304 3942 (Tacitus
325 3895 384 3930 ann.
399 3881 425 3941 4,
440 3879 494 3940 46).
533 3880 639 3930 Tacitus
658 3880 703 3928 ubi
722 3881 756 3930 ad
775 3896 798 3930 a.
815 3881 848 3932 53
869 3879 940 3942 (ann.
956 3883 998 3943 12,
1014 3881 1059 3942 63)
1079 3882 1115 3930 ait
1133 3881 1273 3945 Byzantios
1298 3877 1421 3930 Thraecio

108 3967 292 4039 Bosporanoque
306 3970 370 4021 bello
389 3987 476 4022 recena
486 3971 579 4037 sessos,
599 3973 725 4038 intellegit
738 3973 894 4024 Thraecium
914 3989 937 4022 a.
952 3975 986 4024 46
1008 3973 1089 4035 (cuius
1107 3975 1167 4023 anni
1186 3989 1227 4024 rea
1245 3979 1332 4036 gestae
1353 3972 1423 4037 apud

109 4063 214 4114 'lantum
233 4064 421 4126 desiderantur)
439 4064 669 4131 Bosporanumque
689 4080 712 4114 a.
726 4067 770 4115 49.
803 4067 869 4114 Eam
886 4066 969 4131 ipsam
983 4066 1172 4130 expeditionem
1187 4066 1315 4130 significat
1334 4066 1426 4129 opinor

107 4155 183 4207 titulus
202 4158 396 4208 Castulonensis
414 4157 443 4207 11
462 4173 486 4206 n.
508 4155 579 4206 3272
600 4155 644 4220 (cl.
664 4174 689 4207 n.
711 4157 792 4218 2079)
816 4157 941 4224 praesceti
963 4157 1153 4208 cantianorum
1176 4159 1203 4207 ia
1227 4155 1339 4206 Trachia
1357 4153 1424 4218 XV3

106 4262 158 4298 uam
174 4251 287 4314 legiones
311 4250 384 4310 duas,
409 4263 516 4315 quarum
540 4250 748 4300 vexillationibus
768 4250 863 4300 bellum
886 4251 913 4300 id
931 4257 1031 4316 gestum
1051 4266 1105 4302 esse
1125 4251 1242 4312 traditur,
1268 4247 1304 4311 [V
1323 4247 1422 4311 Mace]

108 4339 214 4392 donicam
234 4349 259 4391 et
277 4343 345 4392 vm
363 4343 518 4407 Augustam,
544 4342 646 4418 Claudii
665 4343 829 4408 Neronisque
854 4351 969 4408 tempore
997 4344 1097 4392 vicinae
1116 4343 1232 4392 Moesiae
1251 4342 1425 4407 praetendisse

108 4443 144 4482 aut
164 4445 256 4484 certum
281 4443 320 4484 eat
345 4442 389 4484 aut
412 4435 553 4499 probabile.
593 4460 626 4468 —-
665 4437 749 4485 'Anno
776 4434 810 4484 66
836 4451 861 4500 p.
882 4435 942 4485 Chr.
970 4435 1084 4485 Thracia
1106 4435 1268 4486 obtinebatur
1296 4433 1426 4498 praesidio

109 4522 214 4576 Romano
232 4527 343 4576 militum
363 4534 485 4593 quattuor
502 4528 604 4578 milium
623 4527 736 4593 (Ioseph.
755 4528 815 4577 bell.
834 4527 892 4578 Iud.
914 4530 938 4590 2,
955 4527 997 4590 16,
1013 4527 1048 4589 4).

177 4617 200 4682 ³)
224 4620 284 4670 Vol.
298 4621 323 4668 V
342 4636 368 4670 n.
383 4621 435 4671 386
457 4640 490 4661 =
510 4619 590 4671 Orell.
611 4621 673 4671 512.

175 4709 200 4776 4)
220 4707 294 4760 'Enal
380 4710 457 4770 Γάιος
474 4711 575 4780 Καῖσαρ
591 4703 724 4776 zaccaria
743 4703 893 4781 Γερμανικδς
915 4745 1054 4764 ........
1074 4698 1132 4768 satir
1150 4697 1246 4767 Ke'tuar
1267 4744 1314 4758 ...
1334 4705 1425 4767 παῖδας

107 4791 276 4870 Ῥσιμητσῖλκην
298 4802 339 4852 καὶ
359 4801 504 4869 Πολέμωνα
527 4799 569 4853 καὶ
589 4794 672 4855 Kirna
759 4804 793 4862 ιῐς
818 4797 862 4862 acle
887 4803 912 4854 ia
937 4791 1030 4854 adarna
1055 4797 1096 4854 acl
1117 4803 1173 4866 (sic)
1199 4790 1321 4870 apoyc'vuv
1341 4797 1426 4857 αὐτοῖς

110 4885 262 4962 ὀφειλομένας
281 4891 486 4946 ἀποκαθίστακεν
505 4892 650 4960 βασιλείας.

176 4985 198 5050 ⁵)
223 4989 305 5041 Sallet
323 4987 445 5056 Beitrciqe
463 4988 678 5040 sarsenatae
695 4987 771 5040 Nam.
788 4989 831 5040 des
843 4987 943 5056 Kdnipa
961 4988 1005 5040 des
1018 4988 1115 5040 Pontus
1133 5005 1158 5054 p.
1174 4989 1216 5040 69.
1248 4987 1426 5054 Waddington

109 5075 222 5146 miloayea
240 5080 270 5132 dc
289 5081 401 5131 numism.
422 5084 447 5144 2,
470 5083 530 5132 115.

176 5169 199 5233 ⁶)
224 5173 310 5232 seua.
326 5175 369 5236 12,
385 5175 410 5235 a,
426 5175 441 5224 a
462 5191 487 5239 p.
503 5175 564 5225 555.
604 5175 644 5226 cf.
657 5175 766 5240 uphem.
783 5177 807 5237 1,
823 5177 884 5224 arc.

177 5259 199 5325 τ)
224 5266 307 5318 Sallet
323 5266 341 5314 1.
356 5283 378 5316 c.
397 5282 422 5330 p.
439 5269 471 5316 71
487 5282 540 5332 seq.

178 5353 200 5419 ⁸)
224 5358 306 5411 Sallet
324 5359 341 5408 l.
356 5374 377 5409 c.
397 5375 423 5424 p.
439 5360 481 5409 76.
