3504 6004
348 647 422 720 268
640 661 944 716 ossuavsrrortus
971 663 1247 716 urranneruonu
1272 663 1378 721 xvm.

346 841 454 900 Africa
484 849 585 918 gestas
608 847 783 899 ornamenta
804 839 999 916 triumphalia
1019 839 1117 898 denuo
1139 849 1326 918 statuamque
1347 841 1513 899 laureatam
1547 839 1677 915 (Tacitus

347 964 416 1004 aun.
440 945 470 1016 4,
488 943 551 1021 23).
595 941 710 1001 Romae
733 949 933 1000 commoratus
954 959 1009 1017 per
1031 960 1127 1000 annos
1153 953 1313 1020 sequentes
1335 943 1476 1018 (Tacitus
1499 961 1569 1002 anu.
1593 943 1620 1014 3,
1635 942 1677 999 64.

348 1047 378 1120 4,
393 1047 440 1106 13.
464 1045 528 1122 22.)
551 1047 671 1125 legatus
688 1041 870 1104 Germaniae
885 1043 1036 1104 inferioris
1051 1045 1148 1104 factus
1162 1053 1209 1106 est
1230 1065 1257 1104 a.
1282 1045 1322 1104 28
1337 1045 1486 1117 ·(Tacitus
1503 1065 1576 1104 aaa.
1591 1048 1621 1118 4,
1636 1045 1678 1103 73.

351 1148 485 1226 11,19);
515 1165 583 1206 nam
610 1165 677 1208 eam
704 1147 886 1225 legationem
912 1147 965 1222 qui
982 1137 1054 1206 ‘filio
1081 1148 1217 1208 tribuunt
1243 1168 1279 1208 eo
1306 1159 1441 1226 tempore
1461 1147 1593 1208 nondum
1615 1165 1677 1205 oon·

349 1251 409 1310 suli
430 1251 520 1323 sacto,
535 1251 668 1330 graviter
682 1256 791 1309 errant.
835 1249 928 1308 Recte
950 1261 1051 1310 autem
1066 1252 1174 1326 opinor
1195 1251 1233 1310 ad
1255 1271 1321 1311 eum
1337 1251 1517 1310 rettulerunt
1533 1251 1591 1309 viri
1611 1249 1681 1308 docti

348 1354 469 1413 uturum
511 1339 787 1430 mogontinensem
815 1354 926 1432 (oren
954 1353 1035 1412 sero
1060 1379 1097 1404 =
1121 1353 1291 1414 eremesa
1319 1354 1394 1430 aar)
1424 1355 1562 1414 muueris
1592 1353 1682 1410 cuius

353 1456 420 1515 dam
437 1457 511 1516 civis
522 1455 676 1516 Romanae
691 1461 807 1516 natione
818 1458 945 1518 Nervius
958 1461 1082 1516 inmunis
1098 1456 1256 1533 benefic(io)
1271 1455 1334 1534 [L]
1350 1459 1472 1534 Aproni.
1496 1455 1682 1535 Legationem

352 1557 544 1630 Germaniae,
566 1558 680 1635 inqua
703 1561 818 1620 alodem
840 1579 860 1618 a
881 1559 990 1618 Frisiis
1014 1564 1138 1636 accepit,
1161 1578 1229 1618 eum
1250 1560 1440 1636 protraxisse
1462 1560 1501 1619 ad
1525 1578 1552 1618 a.
1571 1559 1611 1618 34
1630 1577 1681 1615 non

351 1662 426 1722 satis
449 1669 530 1721 certo
552 1661 683 1722 efficitur
704 1681 743 1721 ex
766 1663 866 1723 Taciti
888 1663 955 1721 loco
979 1663 1007 1735 6,
1024 1661 1079 1720 30:
1104 1661 1268 1722 Gaetulicus
1290 1682 1324 1722 ea
1347 1672 1509 1740 tenpestate
1532 1663 1681 1737 superioris

355 1764 528 1826 Germaniae
550 1764 673 1839 legiones
689 1766 811 1824 curabat
830 1769 986 1841 mirumque
1008 1783 1132 1824 auroram
1147 1767 1298 1826 adsecutus
1314 1777 1377 1824 erat
1390 1767 1497 1840 effusae
1520 1765 1682 1834 clementiae,

350 1869 477 1926 modicus
499 1870 648 1928 seueritate
671 1879 698 1926 et
713 1872 846 1945 proximo
867 1886 980 1944 quoque
1001 1871 1136 1926 exercitui
1158 1888 1212 1944 per
1234 1868 1271 1926 L.
1304 1869 1465 1946 Apronium
1488 1887 1616 1928 socerum
1636 1885 1682 1924 non

311 2008 318 2026 .
348 1975 488 2048 ingramo.
545 1969 694 2030 Lentulus
738 1970 914 2030 Gaetulicus
961 1970 1067 2029 consul
1102 1989 1129 2028 a.
1166 1968 1204 2028 26
1246 1989 1314 2029 cum
1356 1991 1409 2048 per
1451 1971 1558 2030 decem
1599 1985 1683 2027 annos

353 2071 536 2134 Germaniae
597 2074 746 2150 superiori
803 2071 1004 2150 praefuisset,
1071 2073 1160 2150 periit
1216 2073 1381 2151 imperante
1438 2071 1519 2133 Gaio
1579 2093 1606 2131 a.
1650 2070 1681 2128 30

352 2176 427 2253 (Dio
450 2175 499 2248 59,
518 2173 582 2252 22).
618 2173 678 2235 Sed
706 2193 888 2252 quamquam
917 2175 1022 2233 eodem
1054 2185 1187 2252 tempore
1210 2175 1350 2234 Tiberius
1377 2195 1514 2236 socerum
1550 2173 1683 2243 inferiori,

351 2297 492 2358 generum
522 2277 669 2354 superiori
695 2277 842 2336 exercitui
868 2277 1048 2353 praefecisse
1077 2279 1203 2350 videtur,
1236 2291 1268 2338 ut
1295 2279 1370 2337 nihil
1395 2279 1522 2357 impedit
1549 2283 1593 2337 ita
1618 2276 1683 2334 nihil

351 2383 431 2458 cogit
465 2389 497 2439 ut
529 2391 687 2456 utrumque
714 2379 753 2438 ad
790 2391 915 2440 mortem
958 2399 1051 2457 usque
1073 2380 1189 2440 Tiberii
1220 2385 1249 2440 in
1285 2381 1389 2440 eodem
1428 2381 1528 2441 officio
1556 2398 1682 2459 perman·

352 2489 429 2544 sisse
465 2489 642 2542 statuamus.
700 2481 776 2542 Utut
817 2491 878 2554 est,
924 2500 959 2540 eo
1000 2501 1059 2561 quo
1094 2481 1229 2542 Velleius
1271 2485 1394 2561 scripsit
1426 2493 1562 2563 tempore
1583 2475 1616 2542 ¹a.
1650 2482 1682 2540 30

351 2587 507 2665 Apronius
532 2586 684 2650 etiamtum
710 2586 742 2644 iu
764 2586 842 2644 vivis
870 2575 988 2646 videtur
1008 2585 1113 2644 fuisse.
1176 2585 1289 2644 Postea
1309 2605 1369 2645 non
1390 2595 1638 2646 commemoratur
1660 2594 1684 2642 et

350 2695 384 2748 ut
404 2688 519 2748 Tiberii
548 2697 685 2764 tempora
712 2687 865 2765 effugerit,
897 2697 1020 2766 propter
1042 2695 1179 2747 exactam
1207 2699 1336 2748 aetatem
1362 2689 1414 2748 diu
1442 2707 1604 2766 superesse
1630 2707 1681 2747 nou

352 2790 459 2869 potuit.
505 2787 586 2850 Satis
610 2797 707 2848 autem
731 2799 857 2868 apparet
877 2789 915 2848 L.
938 2791 1160 2867 Aproniumet
1181 2801 1304 2868 propter
1325 2792 1486 2850 militarem
1512 2791 1681 2852 industriam

354 2902 385 2952 et
406 2899 529 2971 propter
556 2891 646 2950 fidem
673 2892 817 2952 adversus
839 2894 1048 2970 imperatorem
1077 2895 1114 2952 ab
1142 2893 1313 2952 adulatione
1335 2893 1476 2970 (Tacitus
1498 2913 1570 2953 aun.
1594 2893 1622 2965 2,
1637 2891 1680 2965 32)

353 3012 414 3054 uon
441 2995 571 3054 alienam
598 2995 676 3054 inter
703 2996 853 3072 principes
891 2995 999 3055 aetatis
1033 2995 1213 3056 Tiberianae
1245 2999 1327 3055 viros
1359 2995 1460 3056 locum
1497 2996 1680 3074 conspicuum

354 3099 531 3159 obtinuisse.
582 3095 584 3106 '

439 3200 565 3260 Praeter
587 3199 666 3258 filias
689 3199 779 3272 duas,
813 3219 938 3276 quarum
961 3203 1066 3278 nupsit
1087 3202 1197 3274 altera,
1230 3209 1262 3260 ut
1283 3201 1372 3261 modo
1394 3203 1537 3274 vidimus,
1563 3199 1680 3261 Lentulo

356 3301 517 3364 Gaetulico
544 3301 661 3360 consuli
698 3319 725 3360 a.
750 3301 799 3373 26,
836 3303 929 3362 altera
955 3304 1076 3364 Plautio
1105 3303 1228 3364 Silvano
1259 3306 1391 3380 praetori
1419 3325 1445 3364 a.
1480 3305 1520 3363 24
1552 3303 1679 3382 (Tacitus

354 3425 423 3466 ann.
447 3407 477 3478 4,
494 3403 557 3482 22),
585 3405 681 3463 filium
707 3405 813 3464 habuit
839 3407 875 3464 L.
903 3407 1070 3486 Apronium
1099 3405 1296 3479 Cassianum,
1319 3409 1403 3466 ouius
1436 3409 1557 3484 plenum
1584 3423 1678 3466 nomen

355 3517 478 3568 servant
505 3508 577 3566 fasti
604 3507 744 3566 Antiates
772 3509 830 3567 vol.
858 3511 873 3566 1
902 3530 932 3586 p.
956 3508 1013 3568 327
1045 3519 1076 3570 et
1101 3520 1169 3568 acta
1190 3509 1347 3568 Arvalium
1369 3529 1396 3568 a.
1419 3510 1459 3568 39
1490 3510 1533 3586 (p.
1553 3505 1679 3568 XLVIII

354 3610 506 3688 Heuzen).
550 3610 697 3669 Meruisse
720 3630 787 3668 eum
809 3630 837 3668 a.
859 3631 888 3689 p.
906 3609 976 3670 Chr.
995 3610 1033 3670 20
1056 3611 1087 3670 in
1110 3612 1213 3670 Africa
1235 3613 1290 3671 sub
1312 3622 1397 3688 patre
1419 3631 1512 3690 supra
1533 3632 1571 3671 ex
1586 3609 1678 3671 Tacito
1737 3605 1738 3608 ’

352 3713 537 3785 rettulimus,
567 3713 804 3788 confirmantque
833 3713 974 3772 carmina.
1019 3713 1165 3791 Legatum
1195 3733 1263 3774 eum
1285 3716 1363 3790 patri
1391 3715 1422 3774 in
1444 3715 1578 3774 Africam
1600 3713 1678 3773 ivisse

356 3815 455 3874 adhuc
477 3815 535 3873 viri
557 3814 636 3872 docti
659 3823 827 3874 statuerunt
849 3835 909 3876 non
932 3817 997 3874 sine
1019 3816 1243 3894 probabilitate3
1277 3827 1308 3876 at
1334 3835 1401 3875 cum
1424 3817 1483 3876 iam
1503 3837 1541 3876 ex
1564 3815 1678 3876 carmine

356 3917 548 3994 intellegatur
566 3916 662 3974 lilium
682 3935 718 3974 eo
733 3925 867 3995 tempore
883 3919 1040 3996 pueritiam
1057 3919 1109 3977 vix
1131 3937 1286 3996 egressum
1313 3939 1409 3996 neque
1431 3919 1494 3978 ullo
1515 3919 1677 3997 magistratu

357 4020 511 4078 etiamtum
537 4019 672 4078 iunctum
700 4037 801 4098 pugna
823 4031 957 4098 tempore
983 4041 1042 4080 non
1071 4024 1233 4095 senatoria,
1262 4023 1314 4082 sed
1342 4021 1452 4098 equitis
1476 4022 1604 4081 Romani
1623 4021 1677 4078 lom
1736 4067 1737 4078 .

355 4121 461 4195 fuisse,
488 4139 548 4182 non
569 4121 686 4200 legatus
709 4132 823 4198 patrem
846 4125 1005 4183 comitatus
1028 4133 1084 4196 est,
1107 4125 1160 4182 sed
1183 4135 1236 4184 aut
1257 4126 1394 4184 tribunus
1416 4119 1544 4184 militum
1566 4121 1676 4201 legionis
1736 4119 1737 4136 ²

356 4223 413 4284 ivit
448 4231 500 4283 aut
533 4241 631 4284 eomes
660 4225 865 4284 tantummodo
902 4237 931 4285 et
962 4227 1196 4286 contubernalis.
1257 4227 1507 4304 Septemviratum
1533 4247 1599 4286 enm
1619 4241 1675 4282 mox

359 4328 515 4406 accepisse
535 4335 659 4405 propter
679 4329 799 4388 laudem
820 4330 901 4388 bello
924 4331 982 4390 sibi
1004 4339 1120 4408 partam
1142 4348 1181 4387 ex
1204 4330 1261 4388 hoc
1283 4330 1368 4388 titulo
1391 4329 1559 4407 colligitur;
1579 4327 1676 4388 scilicet

360 4450 429 4490 cum
450 4439 572 4509 propter
586 4439 714 4490 aetatem
729 4432 922 4510 magistratus
937 4451 1095 4510 capessere
1117 4452 1178 4492 non
1199 4441 1312 4509 posset,
1339 4431 1508 4491 sacerdotio
1531 4437 1675 4491 exornatus

358 4543 406 4595 est
432 4533 486 4612 (cl.
512 4532 579 4592 Liv.
602 4534 653 4605 40,
680 4533 730 4606 42,
753 4534 781 4593 8.
805 4533 855 4607 42,
876 4535 1004 4612 28,13).
1049 4535 1166 4595 Deinde
1201 4555 1228 4594 a.
1256 4535 1295 4594 39
1323 4553 1392 4593 cum
1418 4535 1486 4612 ipso
1514 4535 1675 4612 imperatore
1735 4563 1736 4614 3

361 4635 439 4697 Gaio
461 4635 559 4696 fasces
591 4655 659 4695 eum
690 4637 823 4714 gessisse
855 4637 926 4696 fasti
959 4639 1097 4697 Antiates
1133 4647 1163 4697 et
1194 4646 1261 4695 acta
1281 4637 1439 4696 Arvalium
1461 4637 1620 4696 docueruut
1642 4635 1674 4690 ita
1735 4617 1736 4664 ³

359 4747 546 4817 comparata,
579 4745 613 4796 ut
643 4757 703 4797 non
725 4737 832 4798 iterum
872 4749 949 4813 tum,
977 4739 1030 4800 sed
1057 4741 1186 4818 primum
1213 4759 1281 4799 eum
1307 4739 1460 4800 consulem
1487 4739 1596 4799 lactum
1621 4753 1674 4796 esse

363 4843 538 4914 ostendant;
571 4841 652 4919 quod
684 4859 791 4899 moneo
823 4851 946 4919 propter
974 4863 1104 4904 errorem
1132 4864 1151 4902 a
1171 4841 1356 4919 Nipperdeio
1383 4841 1415 4900 lu
1442 4841 1627 4902 adnotatione
1645 4835 1675 4894 ad

360 4943 498 5004 Tacitum
520 4963 588 5004 aun.
612 4945 640 5018 3,
657 4943 694 5003 21
725 4945 929 5005 commissum.
973 4947 1134 5005 Praeterea
1160 4944 1305 5004 memoria
1330 4945 1394 5004 eius
1421 4965 1482 5005 non
1504 4953 1597 5017 extat,
1625 4939 1673 4999 nIsi
1734 5009 1735 5030 ,

360 5045 441 5124 quod
475 5047 514 5106 ad
546 5067 613 5106 eum
648 5047 798 5125 pertinere
833 5048 972 5107 videntur
1007 5067 1085 5126 quae
1115 5048 1231 5108 Plinius
1268 5048 1360 5106 tradit
1385 5048 1415 5106 h.
1437 5067 1466 5106 n.
1485 5049 1533 5122 ll,
1553 5043 1672 5118 37,213;
1734 5037 1735 5086 i

361 5148 400 5207 L.
427 5149 541 5226 Aproni
567 5152 726 5210 consularis
752 5153 810 5210 viri
831 5151 896 5227 filio
923 5151 1061 5212 detractos
1089 5152 1190 5227 adipes
1223 5151 1398 5226 leuatumque
1431 5167 1534 5229 corpus
1560 5143 1673 5206 arnobii

362 5269 453 5312 onere.
496 5253 588 5331 Apud
610 5253 736 5312 eundem
758 5271 835 5332 quae
856 5255 1046 5314 nominantur
1068 5273 1170 5315 cerasa
1185 5254 1360 5332 Aproniana
1381 5252 1424 5328 (h.
1440 5271 1470 5312 a.
1488 5253 1535 5326 15,
1551 5249 1596 5324 25,
1613 5243 1669 5320 102)

362 5354 442 5414 uude
463 5373 571 5416 nomen
593 5358 752 5433 traxerim,
776 5359 941 5438 Ignoratur.
