3520 6006
343 639 414 712 196
909 659 1092 714 coassuu:

340 855 416 913 tium
449 873 516 914 cum
553 855 643 914 sibilo
669 856 931 933 pronuntiatarum
954 851 986 918 Μ
1013 866 1043 916 et
1072 858 1105 934 ζ,
1142 871 1218 930 quas
1253 851 1366 914 Sabelli
1392 873 1432 912 ex
1465 853 1620 928 alphabeto
1651 872 1667 910 a
1739 857 1740 880 ³

341 953 467 1016 Graecis
497 966 619 1036 accepto
644 957 830 1017 retinuerunt
854 967 888 1016 ut
913 957 1034 1016 Etrusci
1059 963 1089 1016 et
1111 953 1293 1016 Umbrorum
1321 955 1530 1034 antiquissimi.
1573 954 1667 1014 Etiam

339 1059 541 1138 interpunctio
574 1059 734 1120 verborum
765 1060 869 1120 eadem
893 1067 948 1120 est
979 1060 1011 1118 in
1043 1059 1090 1118 his
1111 1058 1208 1117 titulis
1237 1056 1395 1119 Sabellicis
1429 1057 1524 1117 tribus
1557 1057 1668 1133 punctis

338 1161 538 1238 interpositis,
572 1161 656 1221 cuius
686 1163 918 1240 interpungendi
950 1163 1043 1221 moris
1070 1161 1226 1220 rarissima
1252 1161 1444 1220 inveniuntur
1473 1160 1614 1235 exempla
1640 1160 1667 1216 in
1740 1161 1741 1210 l

339 1264 586 1340 inscriptionibus
609 1265 759 1338 Etruscis,
782 1265 882 1338 Oscis,
904 1263 1033 1324 Latinis.
1077 1264 1210 1322 Litterae
1239 1264 1393 1322 diormae
1419 1263 1450 1324 in
1473 1265 1561 1324 titulo
1577 1265 1667 1350 'Prae
1740 1257 1741 1262 ¹

338 1366 454 1425 tatiano
477 1367 649 1426 simillimae
677 1373 747 1426 sunt
775 1364 902 1428 Graecis
930 1375 959 1425 et
985 1367 1166 1444 Messapicis
1196 1365 1330 1440 (Kircbb.
1354 1364 1437 1425 seua
1465 1387 1490 1426 z.
1522 1367 1621 1428 Gessit.
1642 1370 1667 1426 d.
1741 1364 1742 1426 l

346 1467 460 1528 eseia
485 1469 575 1546 Arpi.
598 1479 618 1528 ι.
640 1470 727 1528 arr.
750 1471 793 1528 eu.
808 1471 837 1529 2.
881 1468 920 1528 a.
933 1469 1091 1546 Maqpiatli
1113 1487 1127 1527 ο
1152 1467 1184 1528 c.
1208 1469 1451 1541 mairomontem,
1473 1469 1518 1528 Le
1532 1474 1670 1529 crearas

339 1570 537 1648 Messapicltc,
565 1583 621 1631 tau.
648 1571 759 1649 leq),
792 1591 859 1631 cum
891 1571 1008 1632 litterae
1039 1573 1060 1630 d
1084 1572 1115 1631 iu
1141 1571 1240 1648 lapide
1266 1571 1305 1629 ad
1331 1569 1464 1648 Cupram
1492 1573 1668 1631 maritimam
1741 1583 1742 1618 ἲ

339 1673 462 1734 invento
484 1673 587 1732 eadem
610 1675 651 1732 sit
671 1675 769 1734 forma
790 1683 880 1750 atque
902 1677 933 1734 in
956 1672 1039 1734 Osco
1061 1675 1231 1750 alphabeto.

421 1773 490 1835 Una
512 1785 607 1834 restat
627 1775 728 1836 littera
751 1771 819 1849 ΟΠ
841 1777 922 1855 cippi
937 1777 1124 1836 Praetutiani
1139 1775 1298 1854 quinquies
1314 1777 1427 1853 scripta
1440 1778 1472 1835 in
1486 1779 1668 1857 apographo,

340 1896 417 1954 quae
439 1878 512 1937 mibi
533 1879 696 1956 plurimum
718 1879 895 1938 offensionis
917 1881 1027 1938 habere
1049 1877 1176 1938 videtur.
1230 1876 1369 1954 Namque
1391 1879 1480 1954 plane
1507 1877 1608 1939 aliena
1627 1891 1668 1941 est
1742 1939 1743 1948 ,

337 1997 397 2037 nou
420 1980 519 2039 solum
541 1999 560 2038 a
581 1981 688 2040 ceteris
710 1982 806 2040 titulis
823 1981 990 2052 sabellinis,
1012 2001 1116 2040 verum
1138 1981 1227 2040 etiam
1249 1982 1287 2039 ab
1308 1981 1558 2058 inscriptionibus
1574 1981 1667 2056 Oscis,
1742 1969 1743 1974 Ξ

336 2079 499 2154 Umbricis,
521 2081 662 2156 Faliscis,
684 2083 828 2156 Etruscis,
855 2081 984 2154 Latinis,
1013 2081 1140 2144 Graecis
1162 2083 1392 2160 antiquioribus,
1420 2101 1520 2160 neque
1543 2103 1668 2162 usquam

295 2195 297 2204 ’
337 2203 385 2241 me
407 2185 549 2260 scriptam
576 2185 677 2262 legere
704 2187 825 2245 memini
852 2185 910 2244 nisi
938 2187 969 2244 in
990 2185 1207 2245 recentioribus
1229 2185 1431 2244 monumentis
1455 2183 1595 2259 Graecis,
1622 2189 1667 2246 ubi

340 2283 371 2355 ῦ
395 2287 547 2366 significat
561 2287 693 2346 vocalem
710 2307 735 2347 o.
779 2287 865 2364 Quae
880 2287 993 2347 vocalis
1014 2307 1080 2346 cum
1102 2289 1133 2346 in
1155 2287 1255 2365 lapide
1269 2287 1466 2347 Praetutiauo
1489 2289 1669 2366 significetur
1743 2311 1744 2370 i

339 2389 441 2446 littera
462 2387 507 2478 W,
536 2409 596 2450 non
617 2390 760 2449 credibile
787 2399 835 2449 est
860 2391 987 2450 eandem
1016 2391 1107 2449 etiam
1133 2390 1235 2449 littera
1258 2389 1289 2459 [l
1313 2390 1448 2449 indicari.
1491 2391 1536 2449 Et
1558 2393 1585 2450 si
1607 2393 1667 2469 quis

336 2493 429 2552 uibilo
457 2493 551 2552 setius
579 2493 655 2551 banc
681 2493 778 2552 vocali
806 2493 997 2552 evindicare
1021 2492 1159 2563 auderet,
1195 2495 1353 2570 praeberet
1380 2493 1466 2551 nobis
1488 2495 1666 2554 vocabulum

336 2597 424 2655 stiodo
448 2621 484 2646 =
508 2613 604 2667 coooo,
633 2595 715 2672 quod
740 2605 824 2654 esset
844 2595 971 2654 monstri
992 2593 1101 2666 instar,
1134 2595 1165 2652 in
1187 2595 1317 2654 secundo
1339 2611 1430 2653 versu
1452 2595 1534 2653 tituli
1556 2595 1667 2672 dequo

336 2698 437 2776 agitur
459 2697 612 2773 scriptum.
655 2696 722 2755 Hoc
744 2707 842 2756 autem
865 2697 982 2773 signum
1007 2695 1078 2772 ΟΠ
1110 2715 1178 2755 cum
1212 2695 1354 2755 facillime
1386 2695 1458 2754 oriri
1494 2707 1600 2772 posset
1634 2717 1667 2756 ex

335 2799 444 2858 litteris
468 2799 501 2865 Β
527 2805 557 2856 et
586 2796 622 2884 Β
658 2798 775 2858 detritis
807 2809 858 2858 aut
879 2799 999 2858 omissis
1026 2799 1205 2876 quibusdum
1234 2799 1336 2870 lineis,
1370 2816 1409 2855 ex
1438 2798 1467 2866 Ε
1493 2799 1600 2858 addita
1619 2819 1667 2876 per

311 2923 467 2976 ¹errorem
496 2903 623 2975 lineola,
655 2923 695 2963 ex
731 2901 761 2976 t>
794 2902 951 2960 immutata
982 2901 1116 2976 paullum
1147 2901 1296 2978 positione
1328 2901 1403 2973 eius,
1440 2900 1582 2978 equidem
1614 2921 1666 2960 non

335 3005 439 3076 video,
466 3005 517 3081 qui
546 3006 632 3082 signo
659 3015 718 3064 tam
752 3003 922 3081 suspicioso
951 3003 982 3062 in
1004 3003 1178 3080 apographo
1199 3011 1314 3062 tantum
1341 3003 1419 3062 tituli
1446 3003 1564 3081 scripto
1585 3005 1665 3063 iidem

336 3108 446 3166 babere
471 3107 595 3184 possim.
640 3106 779 3182 Denique
812 3107 843 3164 in
868 3105 927 3164 fine
954 3105 1121 3182 apographi
1152 3105 1240 3164 iuxta
1265 3105 1395 3165 litteram
1424 3109 1452 3186 ξ
1488 3107 1666 3166 lineamenta
1745 3137 1746 3146 κ

335 3211 482 3288 quaedam
504 3210 617 3287 scripta
638 3219 717 3281 sunt,
741 3227 818 3286 quae
839 3209 971 3266 indicare
992 3207 1139 3280 videntur,
1161 3207 1289 3283 lapidem
1312 3207 1370 3266 boc
1392 3209 1459 3267 loco
1482 3209 1600 3268 laesum
1620 3221 1666 3267 aut
1745 3205 1746 3210 ’

337 3313 478 3371 detritum
501 3329 577 3371 esse.
622 3309 709 3384 Quae
738 3329 804 3368 eum
831 3311 874 3368 ita
901 3309 977 3380 sint,
1006 3308 1064 3366 bae
1085 3309 1291 3368 tantummodo
1319 3309 1436 3370 litterae
1462 3311 1664 3388 inscriptionis

336 3413 551 3474 Praetutiauae
573 3414 646 3472 mibi
669 3412 806 3472 videntur
826 3411 886 3488 legi
908 3429 1013 3490 posse:

795 3610 905 3701 petr.
928 3599 931 3700 l
954 3601 963 3672 Ξ
987 3604 1102 3700 papas'

793 3737 952 3844 reisdl
978 3705 1163 3843 dlisudi

794 3879 853 3982 pis
873 3895 882 3942 ἓ
901 3877 945 3982 el
971 3881 1100 3980 aolfu)
1121 3883 1130 3954 Ξ
1150 3905 1191 3955 re
1305 3863 1315 3876 ¹

795 4020 899 4139 d(?)a
916 4021 925 4092 Ξ
947 4017 952 4123 l
972 4021 1061 4095 dare
1080 4023 1091 4095 Ξ
1110 4047 1182 4125 pep

797 4157 867 4262 le.
890 4218 897 4234 .

417 4429 561 4490 Lectione
583 4429 673 4489 buius
696 4427 774 4486 tituli
797 4435 858 4487 tam
872 4427 987 4487 incerta
1001 4445 1035 4488 ac
1050 4427 1150 4501 dubia,
1172 4447 1212 4488 ex
1233 4445 1268 4487 eo
1284 4445 1373 4506 aegre
1387 4430 1535 4507 quaedam
1549 4433 1661 4510 linguae

336 4531 503 4596 Sabellicae
531 4533 658 4609 vestigia
684 4531 826 4608 cognosci
855 4539 993 4606 possunt.
1042 4531 1132 4588 Initio
1164 4529 1229 4590 eius
1256 4531 1368 4607 scripta
1393 4533 1535 4593 videntur
1560 4554 1659 4594 nomeu

334 4637 456 4713 gentile,
482 4635 689 4721 praenominis
711 4641 798 4704 nota,
825 4651 999 4710 cognomen.
1043 4632 1122 4693 Nam
1149 4633 1265 4692 litteras
1291 4632 1368 4694 Petr.
1395 4637 1578 4712 supplendas
1599 4655 1659 4697 esse

334 4739 509 4816 Pctr(sinis),
548 4737 725 4796 coniecerim
761 4755 800 4794 ex
829 4733 952 4794 Falisco
993 4737 1113 4795 nomiae
1147 4735 1299 4806 Petrum,
1341 4733 1486 4796 Umbrico
1519 4739 1659 4807 Petronio,

334 4841 465 4900 Etrusco
498 4841 647 4912 Petronia,
680 4839 789 4897 Latino
816 4837 968 4896 Petronius
1000 4839 1143 4913 (Fabrett.
1178 4835 1273 4896 Gloss.
1300 4837 1338 4896 It.
1363 4826 1396 4916 p
1426 4841 1534 4918 1379);
1566 4830 1659 4918 Papas'

334 4952 433 5002 autern
456 4943 594 5019 congruit
626 4959 691 5000 cum
715 4939 842 5000 Etrusco
864 4941 1041 5017 cognomine
1055 4934 1167 5017 Papur',
1200 4938 1310 4998 Latino
1332 4941 1432 5018 Papus
1454 4951 1484 5002 et
1504 4963 1569 5004 cum
1584 4944 1656 5004 Osco

334 5046 481 5105 vocabulo
500 5063 629 5122 puppas,
652 5041 731 5119 quod
753 5042 784 5100 in
805 5042 917 5101 fabulis
940 5043 1090 5102 Atellanis
1113 5059 1214 5102 senem
1238 5043 1436 5120 significabat,
1463 5064 1530 5106 cum
1549 5047 1656 5106 Latinis

330 5165 414 5225 popu
441 5165 576 5224 pappus,
605 5143 732 5204 Graecis
758 5135 891 5212 arianae,
918 5139 1036 5207 πάππος
1059 5145 1163 5221 (Febr.
1191 5145 1210 5203 l.
1234 5165 1257 5204 c.
1281 5163 1315 5221 p.
1342 5145 1420 5204 1323
1446 5149 1515 5224 sq).
1560 5149 1655 5226 ltaque

332 5250 463 5308 litteram
485 5251 563 5309 inter
584 5246 746 5323 Patrona)
768 5255 797 5305 et
817 5243 940 5323 Pappud
962 5250 1093 5324 positam
1121 5256 1210 5324 atque
1236 5247 1474 5324 interpunctione
1496 5251 1654 5310 distinctam

333 5351 495 5412 verisimile
518 5361 565 5412 est
585 5360 685 5411 notam
708 5349 911 5425 praenominis
933 5351 1028 5429 patris
1051 5351 1219 5410 esseillius
1240 5349 1373 5408 Petronii
1394 5349 1537 5412 Picentis.
1578 5351 1653 5412 Haec
