3520 6006
334 629 677 684 oomnunurosns
694 631 974 684 arronsrrnesn
993 633 1098 688 unns.
1306 617 1351 687 17
1357 615 1377 688 3

78 804 116 864 dl.
153 803 268 862 Titulus
295 804 388 862 rubro
411 804 507 864 colore
534 805 633 882 pietus
659 805 689 864 in
711 805 811 882 lapide
833 806 925 865 tofino
948 806 1065 866 aedium
1087 809 1179 868 vicolo
1201 811 1247 869 dei
1269 810 1380 888 Sopro-

14 991 20 1003 1
107 909 191 979 ama,
211 906 260 965 cui
282 907 471 984 subscriptus
493 915 539 966 est
559 907 664 966 titulus
686 905 814 967 Latinus
837 906 888 984 (0.
904 909 931 968 1.
947 907 1017 969 Lot.
1032 910 1092 984 IV,
1108 910 1177 989 31).-

513 1477 607 1577 .pui
680 1477 820 1552 faamat

510 1624 557 1672 v.
573 1625 614 1673 s.
630 1597 839 1717 vasimbaiis
857 1625 882 1716 n
908 1598 970 1698 (i).

138 1826 326 1888 Delineatum
349 1829 451 1907 accepi
473 1847 492 1886 a
513 1827 549 1888 R.
567 1827 711 1890 Schoene.
755 1828 844 1888 Hane
865 1829 1091 1906 inscriptionem
1112 1851 1151 1891 ex
1173 1833 1268 1892 titulis
1293 1853 1377 1910 prae·

70 1929 223 1990 cedentibus
246 1931 291 1990 sic
313 1931 509 2010 supplendam
532 1939 622 2010 atque
644 1931 851 2010 explicandam
873 1933 1016 1992 arbitror:

511 2501 605 2601 .puf
676 2501 814 2575 scamni

509 2648 533 2695 v
549 2677 557 2694 .
573 2621 725 2722 s[e]vasi
751 2648 788 2696 m
815 2621 907 2740 baiis
926 2648 949 2740 u
966 2623 1028 2720 (.).

357 2843 385 2860 ..
408 2799 510 2858 Maras
532 2797 670 2860 Sadirins
691 2798 779 2858 Lucii
800 2799 832 2872 f,

356 2945 363 2959 .
388 2902 439 2962 ubi
459 2902 576 2961 habitat

357 3003 466 3065 Vibius
489 3003 633 3066 Serasiuo
648 3003 692 3080 (l)
713 3003 786 3064 Maii
808 3005 829 3062 f.
852 3003 945 3064 Baius
967 3023 987 3062 v
1002 3003 1054 3080 (i).

137 3196 235 3256 Etiam
262 3196 299 3256 de
328 3196 386 3255 hoe
407 3195 494 3254 titulo
519 3197 567 3274 egi
593 3196 624 3254 in
646 3197 908 3268 commentatione,
934 3195 969 3252 Z.
985 3193 1042 3271 sar
1063 3193 1150 3272 ocrpl.
1174 3193 1244 3270 Spr.
1269 3193 1378 3266 XXII,

64 3315 89 3370 p.
104 3298 163 3358 298
176 3318 234 3376 sq„
262 3300 292 3358 in
315 3317 376 3374 qua
396 3298 538 3374 exposui,
565 3297 636 3374 qnid
658 3317 697 3356 ex
718 3298 765 3356 his
787 3307 928 3374 quattuor
950 3295 1040 3356 Oscis
1063 3295 1280 3356 domiciliorum
1302 3295 1379 3356 indi·

66 3399 140 3458 cibus
159 3401 190 3459 in
211 3401 377 3479 parietibus
400 3401 517 3460 aedium
545 3399 683 3477 penicillo
712 3399 800 3476 pictis
828 3399 867 3458 ad
896 3408 1005 3458 statum
1031 3399 1133 3476 oppidi
1155 3398 1378 3477 Pompeiorum,

66 3502 156 3575 qualis
170 3503 256 3562 inerit
270 3501 448 3564 Samnitium
464 3510 571 3574 aetate,
593 3501 828 3578 cognoscendum
844 3500 944 3578 colligi
966 3509 997 3560 et
1016 3501 1121 3560 referri
1136 3517 1228 3578 posse
1242 3501 1379 3561 videatur

65 3601 93 3676 (t
108 3623 130 3664 c.
150 3624 181 3681 p.
195 3606 256 3666 294
271 3623 314 3682 aq.
339 3599 398 3664 296
413 3623 456 3681 oq.
478 3604 568 3681 299).

500 3740 660 3749 -0—--—-⁴

64 3847 114 3908 32.
157 3851 274 3912 Titulus
296 3853 389 3910 rubro
410 3851 510 3910 colore
531 3851 630 3927 pietus
652 3851 683 3910 in
704 3851 805 3928 lapide
828 3850 920 3910 telino
941 3851 1021 3927 pilae
1043 3850 1161 3925 positae
1183 3869 1277 3928 prope
1299 3851 1378 3910 ther·

99 3953 236 4012 messori
258 3955 441 4026 occidentem
463 3971 569 4012 versus
591 3957 704 4030 rapinae
722 3953 790 4023 VII,
812 3954 888 4011 isola
907 3953 940 4024 V,
965 3953 1023 4012 luto
1045 3953 1247 4012 meridionale:

255 4125 367 4223 m(?)a
381 4181 389 4198 ·
405 4123 574 4225 kasbrlltl[
596 4125 609 4223 ]
627 4181 635 4197 ·
765 4145 864 4206 Maius
888 4143 1055 4204 Castricius

254 4271 312 4320 mr
328 4303 336 4319 .
352 4245 512 4346 spurlltis
528 4245 564 4318 .l
765 4267 866 4325 Maras
890 4264 1047 4342 Spuricius
1069 4263 1159 4325 Lucii
1181 4266 1212 4334 i,

253 4368 343 4468 pus.
358 4367 496 4441 laamas
766 4388 817 4446 ubi
839 4387 954 4445 habitat

254 4514 277 4561 v
293 4546 301 4562 .
318 4488 403 4564 sehs
428 4488 566 4562 imbrar
586 4489 636 4586 (l)
654 4533 705 4543 -
766 4507 876 4566 Vibius
900 4506 1009 4568 Sehius
1032 4507 1219 4584 Impera...i

139 4702 351 4781 Apographnm
374 4702 456 4762 misit
477 4700 516 4761 G.
538 4702 575 4759 de
596 4701 702 4772 Petra,
729 4701 780 4776 qui
802 4701 905 4759 scribit
932 4701 1012 4758 huno
1032 4699 1151 4758 titulum
1174 4708 1288 4760 aestate
1310 4699 1380 4758 anni

69 4797 137 4859 1873
152 4806 179 4862 ri
193 4805 267 4863 solia
290 4813 320 4862 et
341 4823 436 4880 aquae
457 4804 628 4863 restitutum
643 4802 822 4879 apparuisse
843 4801 873 4860 in
895 4803 968 4878 pila,
990 4820 1067 4878 quae
1081 4803 1140 4860 iam
1155 4821 1209 4880 per
1223 4801 1379 4861 dimidium

67 4905 205 4965 saeculnm
231 4915 291 4966 stet
319 4906 440 4966 effossa.
484 4905 520 4965 In
547 4925 582 4964 eo
606 4905 677 4964 Scis
704 4913 749 4964 est
775 4904 977 4963 nominativus
1003 4905 1079 4982 sing.
1102 4905 1231 4963 nominis
1259 4903 1379 4981 gentilia

66 5021 120 5060 nna
138 5008 223 5086 stirpe
244 5010 301 5067 orti
324 5027 391 5067 cum
412 5007 523 5067 Latino
547 5006 646 5066 Sedioi
668 5005 977 5082 (0.J.Lat.1‚147)
999 5017 1087 5082 atque
1110 5006 1243 5065 eiusdem
1265 5006 1380 5064 formae

68 5113 98 5162 nt
109 5106 228 5183 Heirene,
255 5109 351 5188 Upila,
374 5108 483 5170 Salano
505 5108 556 5186 (C.
572 5110 697 5183 Ausspr.
714 5107 758 5180 II,
774 5108 846 5178 605,
868 5109 910 5167 ed.
929 5108 971 5183 2).
1004 5106 1122 5166 Ultimis
1143 5107 1251 5167 litteris
1273 5107 1381 5166 imbros

67 5219 113 5264 aut
142 5213 263 5285 imbrotr,
306 5212 424 5271 videtur
461 5213 587 5271 subesse
626 5227 792 5288 cognomen
833 5209 965 5269 eiusdem
1011 5209 1113 5286 stirpis
1155 5217 1189 5266 ut
1228 5209 1379 5279 emdrotor,

66 5303 126 5366 Lat.
139 5315 297 5390 imperator,
319 5317 471 5392 disperare,
493 5317 649 5393 imperium.
682 5309 821 5372 Ceterum
843 5333 882 5372 ex
903 5313 961 5372 hoc
976 5311 1119 5372 domicilii
1140 5310 1238 5371 indice
1259 5309 1379 5371 collatis
