3520 6006
352 659 696 712 conunnrnrronns
713 657 993 712 amonarnmnu
1012 659 1115 712 rans.
1329 637 1401 710 193

516 849 797 912 BRVTTIORVM
819 850 947 912 AGER.

555 970 916 1033 MAMBBTINORVM.

94 1158 139 1217 st.
177 1157 321 1220 Nummus
346 1177 458 1219 aeneus
480 1158 727 1219 Mamertinorum
754 1161 941 1219 collectionis
979 1161 1097 1220 Pennica'
1118 1161 1209 1220 habet
1227 1167 1320 1250 'capnt
1340 1159 1404 1217 lau·

93 1275 189 1320 reatum
214 1262 388 1339 Appollinis
416 1273 446 1320 et
472 1262 602 1340 effigiem
628 1262 774 1322 Bellonae
796 1263 985 1323 dextrorsum
1008 1263 1197 1342 procedentis
1227 1281 1295 1323 cum
1317 1262 1406 1322 hasta

92 1381 121 1421 ac
138 1373 214 1422 scuto
235 1364 324 1424 titulo
346 1361 476 1424 GraecIa
498 1363 607 1424 litteris
631 1365 871 1443 circumscripto:

591 1501 886 1585 ΜΑΜε[ρ]τιΝοΥΜ

91 1657 165 1715 quem
193 1641 343 1716 praecedit
367 1641 467 1700 littera
493 1639 590 1698 maior
616 1643 650 1697 Υ.
698 1638 823 1698 Nummi
856 1639 984 1716 effigiem
1012 1639 1192 1699 delineatam
1224 1639 1297 1697 mihi
1325 1639 1406 1698 misit

91 1745 122 1799 l.
142 1740 349 1814 saliniacum
371 1743 435 1820 ipse
456 1742 619 1819 publicavit
640 1739 703 1817 (La
719 1723 872 1800 collacione
885 1745 1014 1802 comtum.
1037 1741 1165 1812 Penniac',
1188 1753 1206 1802 t.
1219 1741 1277 1812 IX,
1299 1761 1327 1800 n.
1337 1741 1404 1818 22).

91 1843 123 1902 Et
143 1845 219 1921 typis
245 1855 275 1904 et
300 1845 402 1903 littera
428 1848 451 1898 Υ
479 1843 579 1902 differt
603 1843 651 1901 hic
680 1861 817 1902 nummus
848 1844 886 1902 ab
914 1845 983 1914 illo,
1014 1861 1103 1920 quem
1135 1843 1159 1902 1.
1189 1843 1406 1902 Friedleender

90 1947 237 2022 publicarit
262 1965 328 2005 cnm
361 1947 458 2024 capite
487 1945 619 2017 Dianae,
647 1945 788 2024 omphale
822 1947 870 2004 vel
896 1947 1025 2016 cortina,
1058 1945 1146 2005 titulo
1181 1946 1405 2023 circumscripto

91 2071 269 2132 μαμιρτινουμ,
298 2049 401 2108 littera
425 2053 449 2103 Δ
476 2047 646 2124 subscripta
672 2047 703 2106 in
729 2056 883 2126 segmento
917 2047 1003 2124 (Oak.
1026 2047 1124 2106 Melae.
1153 2047 1242 2119 VIII,
1272 2048 1404 2108 Mamert.

89 2169 114 2224 p.
127 2151 162 2209 60
182 2151 251 2227 aa).
293 2149 371 2210 Cum
394 2151 424 2209 in
447 2169 568 2208 nummo
590 2149 710 2209 Penelei
731 2159 875 2228 appareat
896 2149 1040 2210 Bellonae
1062 2149 1216 2209 simillima
1237 2150 1351 2226 efligies
1372 2159 1406 2210 ut

89 2251 113 2308 in
132 2254 255 2312 nummis
276 2253 457 2329 quibusdam
479 2251 675 2324 Bruttiorum,
697 2269 774 2328 quoa
796 2253 821 2311 Ι.
845 2253 1058 2312 Friedlaender
1079 2252 1151 2310 mihi
1173 2253 1352 2311 monstravit
1373 2253 1404 2310 in

91 2353 194 2412 scriniis
206 2354 390 2414 collectionis
405 2373 593 2414 nummorum
608 2354 811 2414 Berolinensis
827 2363 1011 2428 asservatos,
1032 2363 1263 2413 consentaneum
1280 2354 1405 2424 videtur,

89 2455 159 2515 illius
193 2458 338 2535 originem
370 2467 505 2534 repetere
534 2477 553 2514 a
574 2457 731 2516 Mamertio
754 2458 866 2534 oppido
901 2459 933 2516 in
959 2457 1085 2517 Bruttiis
1118 2457 1247 2530 condito,
1284 2475 1345 2516 non
1367 2456 1405 2514 ad

89 2557 247 2618 Messanam
269 2579 287 2618 a
309 2559 496 2619 Mamertinis
519 2568 635 2636 captam
657 2559 778 2618 referre.
833 2557 974 2618 Ceterum
998 2558 1130 2618 Genitivi
1157 2557 1283 2635 pluralis
1310 2556 1406 2616 forma

91 2681 260 2743 υαμερτινουμ
292 2662 383 2721 etiam
415 2663 446 2720 in
479 2660 600 2720 dnabne
632 2661 742 2738 tegulis
764 2660 1003 2721 Messinensibus
1032 2661 1141 2738 legitur
1164 2661 1310 2738 (Momms.
1339 2660 1404 2719 Unt.

91 2761 159 2819 Dici.
178 2782 210 2838 p.
225 2764 293 2831 199,
315 2763 411 2840 XL).

239 3351 462 3412 LVCANIAE
484 3351 565 3410 VEL
587 3350 870 3412 BBVTTIOBVM
896 3349 1012 3412 Loca
1033 3350 1230 3412 INCBBTA.

94 3534 139 3595 96-
179 3539 300 3630 Titulus
326 3539 431 3618 galeae
459 3557 569 3598 aeneae
596 3539 707 3598 fissura
739 3540 776 3597 ab
803 3539 905 3616 aliqua
930 3547 1015 3616 parte
1042 3538 1233 3613 dehiscentis,
1271 3539 1343 3600 olim
1375 3539 1406 3597 in

126 3641 289 3702 collectione
315 3643 444 3719 quadam
471 3661 570 3700 rernm
602 3643 792 3718 antiquarum
820 3641 957 3718 Magnae,
981 3640 1118 3712 Graecia,
1139 3642 1259 3702 vendita
1286 3661 1305 3700 a
1331 3641 1405 3699 duce

130 3745 199 3804 della
228 3746 366 3818 Verdurc,
388 3746 521 3804 nuncin
542 3762 645 3803 museo
667 3744 897 3803 Panormitano:

409 3875 1073 3958 1303033133833183‘11·

529 4013 636 4106 Τρεβις
658 4022 693 4084 Σ.
716 4021 826 4088 Zac-rac
849 4016 940 4084 δεδετ.

478 4143 608 4202 Trebius
631 4141 715 4204 Sexti
737 4144 757 4202 i.
782 4141 904 4205 Sextius
926 4144 1016 4204 dedit.

163 4315 248 4375 Duae
262 4327 456 4376 asservantur
477 4317 581 4394 galeae
603 4337 713 4377 aeneae
734 4319 765 4377 in
787 4337 890 4380 museo
906 4320 1121 4380 Panormitano
1133 4319 1268 4378 eiusdem
1282 4317 1407 4388 formae,

97 4415 177 4476 altera
194 4421 304 4480 fissura
331 4419 488 4478 dehiscens
516 4439 581 4478 cum
610 4421 696 4479 titulo
719 4424 934 4498 supraposita
956 4420 1084 4482 Graecis
1112 4421 1220 4480 litteris
1243 4421 1406 4480 subtilibus

97 4521 252 4580 acutissimo
275 4522 400 4600 graphio
432 4523 463 4580 in
499 4541 550 4581 aee
586 4523 699 4600 incisis,
734 4525 829 4582 altera
855 4525 972 4603 integra
994 4543 1060 4582 cum
1087 4524 1191 4582 eadem
1213 4523 1407 4602 inscriptione

96 4617 243 4682 litterarum
265 4625 369 4683 formis
390 4624 568 4696 simillimis,
595 4626 648 4684 sed
670 4627 823 4703 scriptoris
849 4627 1001 4685 erroribus
1023 4627 1202 4704 quibusdam
1227 4626 1406 4703 suspiciosa.

97 4717 168 4783 Hanc
187 4726 311 4785 alteram
344 4747 382 4786 cx
415 4737 521 4802 ectypo
543 4727 637 4786 edidit
663 4739 694 4787 et
714 4729 928 4804 interpretatus
951 4737 998 4786 est
1020 4731 1134 4804 primus
1161 4727 1307 4798 Fabretti,
1334 4727 1409 4786 Real

100 4825 193 4886 decad.
217 4831 247 4887 di
272 4829 378 4887 Tort'no
401 4831 553 4887 Adunonz.
577 4831 605 4886 d.
631 4831 673 4890 CI.
697 4811 725 4889 d.
748 4849 787 4888 sc.
809 4851 879 4890 mor.
903 4841 971 4890 otor.
988 4831 1032 4907 fil.
1056 4831 1097 4889 29
1118 4850 1210 4907 mnqg.
1234 4831 1319 4901 1864,
1345 4839 1409 4887 tum

99 4943 142 5001 ego
161 4931 282 4989 tractavi
305 4941 411 5008 ectypo
433 4931 487 4988 illc
509 4931 617 5004 fretus,
645 4951 710 4991 cum
733 4933 891 4992 verborum
913 4934 1027 4992 formae
1049 4933 1129 4992 tituli
1156 4933 1233 4992 nihil
1253 4933 1407 5001 haberent,

99 5029 164 5100 quod
197 5053 215 5091 a
245 5033 366 5110 linguae
396 5031 492 5092 Oscae
528 5035 744 5094 consuetudine
773 5045 803 5093 et
836 5036 949 5094 ratione
982 5035 1164 5107 abhorreret,
1196 5035 1231 5092 Z.
1258 5035 1286 5108 s.
1319 5033 1407 5109 aeryl.

101 5127 154 5205 Spa.
179 5133 272 5205 XIII,
305 5135 368 5193 250
389 5154 432 5212 aq.
476 5135 552 5194 Post
580 5137 733 5214 utriusque
769 5137 874 5215 galeae
907 5137 1024 5196 titulum
1052 5138 1113 5196 vidi
1145 5147 1174 5194 et
1202 5137 1349 5195 delineari
1376 5135 1408 5192 in

100 5248 187 5294 museo
208 5237 438 5310 Panormitano,
467 5248 495 5295 et
523 5257 571 5298 mc
592 5248 716 5316 rogante
739 5241 777 5297 A.
801 5237 921 5299 Salinas
949 5251 1057 5317 ectypa
1077 5239 1305 5316 inscriptionum
1327 5237 1410 5296 misit

101 5343 168 5395 carta
191 5337 313 5398 humida
340 5349 371 5400 et
397 5353 505 5399 stanno
532 5357 685 5419 expressa.
730 5341 808 5401 Tum
834 5343 900 5421 ipsc
929 5343 974 5402 vir
1002 5342 1191 5402 doctissimus
1222 5359 1281 5400 non
1309 5339 1408 5399 solum
