3548 6012
329 617 377 687 90
716 577 722 588 ”
921 629 1072 690 nunnus

416 810 448 870 C.
476 809 626 870 Publicius
654 813 864 872 Viruniensium
891 811 1008 872 libertas
1036 813 1183 872 Asiaticus
1209 813 1317 872 Viruni
1347 812 1382 873 Ο.
1403 815 1430 874 Ι.
1451 813 1488 872 L.
1512 815 1655 872 1114870

494 913 547 990 (=
565 913 660 973 Orell.
677 915 784 990 3017).

415 1018 448 1088 Q.
472 1017 623 1076 Publicius
644 1017 768 1095 Lucifer
790 1016 910 1078 Celeiae
935 1015 1232 1077 0.1.L.1115264.

368 1123 468 1196 Atque
494 1121 573 1179 inter
595 1119 749 1179 Publicios
777 1121 887 1196 ubique
914 1121 990 1180 satis
1018 1120 1189 1197 frequentes
1211 1122 1322 1181 similia
1343 1128 1500 1200 praeterea
1521 1122 1659 1200 exempla

367 1223 561 1302 reperientur.

327 1323 456 1385 Senatus
479 1325 631 1384 Tiburtini
652 1326 762 1399 liberti,
784 1334 817 1384 ut
838 1303 986 1398 videntur,
1006 1326 1077 1385 dicti
1099 1337 1170 1386 sunt
1192 1326 1317 1386 Serratii:

410 1427 546 1488 Senatius
569 1429 692 1505 Nepbon
713 1439 739 1488 et
760 1428 881 1489 Senatia
903 1431 1000 1488 Flora
1020 1428 1134 1488 Tibure
1155 1428 1282 1490 Henzen
1297 1429 1387 1489 6402.

325 1532 532 1590 Accensornm
554 1532 722 1590 relatorum
744 1531 869 1592 libertus
891 1532 1033 1592 Velatius:

408 1634 439 1693 T.
472 1633 598 1694 Velatias
628 1651 810 1694 accensorum
837 1637 992 1695 celatorum
1024 1637 1140 1695 libertus
1171 1634 1348 1712 Ganymedes
1380 1635 1496 1695 Romae
1526 1634 1660 1695 Fabretti

493 1737 552 1795 433
570 1737 624 1796 IV.

308 1839 457 1912 ‚Fabrum
481 1841 718 1899 centonariorum
741 1841 896 1900 Fabricius
920 1841 1088 1900 Centenius:

409 1943 560 2002 Fabricius
588 1943 738 2002 Centenius
767 1943 949 2019 callepiorurn
976 1943 1093 2002 libertus
1120 1951 1150 2004 et
1176 1943 1317 2003 Fabricia
1347 1941 1485 2003 Centcnia
1516 1945 1661 2003 Arctbusa

490 2065 563 2104 acor
585 2045 708 2104 Brixiae
731 2044 765 2106 C.
782 2047 807 2104 1.
824 2045 859 2103 L.
876 2045 904 2103 V
920 2043 1011 2104 4422.

324 2149 476 2208 Interdum
504 2149 593 2207 etiam
621 2149 689 2226 ipsa
710 2149 751 2206 rei
775 2149 913 2225 publicae
935 2147 1056 2207 nomina
1079 2149 1316 2225 usurpabantur,
1343 2149 1396 2208 sed
1419 2149 1514 2209 libere
1535 2158 1660 2210 munta

323 2253 371 2311 Its
392 2252 487 2311 Polae
509 2261 627 2329 reperte
650 2260 711 2310 est:

407 2355 552 2413 Pollentia
574 2355 717 2413 Processu
738 2355 865 2413 coloniae
886 2353 1017 2412 Palensis
1040 2353 1142 2412 liberta
1163 2353 1198 2414 C.
1216 2353 1239 2412 Ι.
1256 2355 1291 2413 L.
1308 2355 1337 2414 V
1353 2357 1402 2415 83.

323 2458 424 2518 Veiis:

415 2561 556 2621 Veientius
571 2561 729 2619 lanuarias
746 2559 860 2620 libertus
882 2559 1018 2617 arturius
1035 2558 1163 2635 (ordinis
1177 2559 1361 2636 Veientium)
1378 2559 1662 2634 Fabretti434,14.
1770 2605 1771 2612 .

322 2663 441 2722 Deinde
472 2664 650 2740 cognomina
678 2663 873 2740 oppidorum,
907 2663 989 2720 velut
1016 2659 1193 2734 Claudium,
1225 2663 1400 2722 libertorum
1431 2665 1555 2722 nomina
1585 2665 1664 2724 faeta

322 2773 401 2838 sunl,
426 2775 472 2824 ut:

409 2869 452 2926 Ti.
479 2869 619 2928 Claudius
641 2871 789 2943 municipii
813 2868 948 2927 Celeiani'
960 2868 1077 2926 libertus
1097 2867 1198 2926 Fauor
1221 2865 1339 2928 Celeiae
1362 2866 1663 2929 0.1.L.1115227.

410 2971 535 3031 Claudia
555 2969 664 3030 Suavis
687 2971 848 3028 colonorum
871 2970 973 3030 liberta
994 2969 1155 3048 Luguduni
1178 2969 1302 3030 Henzen
1320 2970 1411 3030 6399.

333 3133 336 3143 ,
406 3073 442 3130 Ρ.
472 3073 609 3132 Claudius
639 3077 723 3132 trium
753 3072 921 3132 Galliarum
948 3073 1063 3131 libertus
1092 3073 1274 3134 Abascantua
1304 3072 1392 3149 (item
1420 3074 1458 3132 ab
1485 3072 1661 3152 Luguduno
1770 3147 1771 3150 Ἴ

491 3175 604 3252 dictus)
627 3174 751 3234 Henzen
769 3174 858 3234 6393.

325 3277 366 3338 Hi
393 3278 485 3358 igitur
511 3296 614 3337 omnes
641 3277 855 3337 adiectirorum
877 3277 992 3336 alosis
1015 3277 1217 3336 derivatorum
1238 3278 1350 3336 formas
1371 3285 1532 3338 consuetas
1555 3281 1589 3338 in
1612 3298 1662 3339 no·

323 3382 471 3452 minibus,
502 3399 580 3457 quae
608 3381 695 3440 liberi
723 3382 794 3440 faeti
821 3399 924 3458 gerere
951 3380 1122 3454 voluerunt,
1152 3380 1285 3439 studiose
1314 3382 1491 3440 vitaverunt.
1536 3381 1664 3441 Dixerit

322 3493 421 3542 autem
444 3483 552 3559 aliquis
575 3486 696 3542 nomina
718 3484 770 3541 illa
792 3483 901 3553 omnia,
924 3501 1001 3558 quae
1022 3483 1111 3540 modo
1133 3481 1291 3560 adscripsi,
1312 3503 1366 3560 per
1389 3485 1599 3559 exceptionem
1620 3486 1663 3542 ita
1770 3529 1771 3534 1

321 3587 450 3644 formata
472 3603 547 3658 esse,
570 3587 678 3644 iustam
693 3605 763 3644 vcro
786 3585 1031 3644 consuetudinem
1053 3585 1192 3662 exempla
1214 3577 1368 3644 nominum
1390 3587 1421 3644 in
1443 3605 1516 3644 anus
1538 3607 1558 3645 a
1573 3587 1662 3646 nobis

322 3689 490 3766 composita
510 3689 663 3765 praebere.
698 3687 756 3748 Sed
777 3689 834 3746 tria
849 3687 1030 3765 protulimus
1044 3688 1184 3762 exempla
1198 3688 1227 3745 in
1243 3687 1340 3746 indice
1357 3689 1453 3760 tertio,
1475 3706 1554 3765 quae
1570 3709 1661 3766 quem

323 3792 360 3848 ad
377 3791 495 3850 modum
511 3792 611 3850 liberti
627 3791 752 3850 Aeclnni
768 3789 889 3866 Capuae
904 3789 1029 3848 Venafri
1051 3790 1229 3868 oppidorum
1252 3790 1323 3848 dicti
1346 3801 1416 3848 sunt
1437 3790 1661 3850 demonstrant:

321 3895 460 3952 nimirum
483 3893 639 3952 Aeclanlus
663 3893 838 3969 Campaniae
857 3893 1058 3967 l'encsranius,
1080 3911 1138 3949 non
1161 3892 1305 3951 Aeclaaus
1328 3891 1495 3968 Campanus
1512 3893 1661 3971 Venafra-

320 4016 384 4066 nus,
407 3997 546 4054 videlicet
566 4003 598 4054 ut
613 3997 679 4072 ipsa
692 4000 737 4054 ius
753 3995 958 4053 terminatione
974 3994 1192 4072 gentiliciorum
1209 3995 1345 4053 sollemni
1361 3995 1487 4054 liberem
1503 3995 1661 4055 hominum

319 4099 439 4157 illorum
467 4098 669 4156 condicionem
695 4099 806 4156 diserte
832 4097 972 4156 indicent.
1016 4098 1118 4173 Atque
1141 4115 1208 4154 eam
1230 4115 1262 4154 re
1284 4116 1356 4155 vera
1376 4097 1469 4156 fuisse
1491 4099 1522 4156 in
1545 4099 1661 4157 talibus

320 4202 492 4259 hominibus
521 4202 708 4260 nominandis
735 4201 982 4259 consuetudinem
1005 4199 1122 4257 videtur
1149 4199 1237 4258 etiam
1261 4200 1389 4276 probare
1404 4199 1551 4258 Varronis
1575 4203 1661 4259 testi·

322 4304 452 4362 monium
480 4321 577 4380 neque
600 4304 637 4361 nb
660 4303 825 4361 editoribus
848 4321 943 4361 neca
965 4301 1045 4361 Guil.
1068 4301 1127 4360 Ad.
1152 4301 1314 4359 Beckero
1341 4301 1391 4376 (in
1414 4302 1578 4361 enchiridio
1602 4322 1660 4362 suo

320 4407 529 4483 antiquitatum
545 4407 749 4465 Romanarum
764 4406 795 4463 Il
814 4407 827 4462 1
845 4424 873 4481 p.
887 4406 927 4464 80
942 4405 1010 4462 adn.
1027 4402 1099 4480 183)
1122 4403 1250 4463 feliciter
1271 4411 1444 4474 tractatum3
1467 4405 1550 4464 ouius
1574 4405 1660 4464 testi-

321 4509 412 4567 monii
435 4509 610 4584 particulam
634 4527 726 4586 supra
748 4508 860 4566 iamin
883 4525 969 4564 usum
991 4507 1172 4564 vocavimus.
1503 4509 1508 4514 “

404 4611 557 4687 Exposuit
574 4611 652 4670 enim
665 4611 763 4669 Varro
786 4611 841 4668 sub
862 4609 951 4667 finem
974 4609 1042 4668 libri
1064 4608 1101 4666 de
1122 4608 1226 4684 lingua
1241 4607 1352 4667 Latina
1367 4611 1465 4668 octavi
1488 4607 1531 4684 (8,
1548 4611 1659 4686 41ss.)

320 4717 350 4770 in
371 4715 538 4786 nominibus,
562 4733 634 4790 quae
656 4715 789 4788 differunt
810 4733 829 4770 a
851 4712 1006 4782 uocabulis,
1029 4711 1060 4768 id
1082 4711 1180 4770 estin
1200 4711 1369 4770 nominibus
1388 4712 1521 4788 propriis
1537 4731 1660 4770 eorum·

320 4834 378 4891 que
401 4816 554 4888 derivatis,
576 4835 636 4874 non
659 4825 809 4874 servatam
832 4831 900 4873 esse
914 4813 1094 4890 analogiam.
1128 4811 1222 4872 Cuius
1239 4814 1281 4870 rei
1297 4814 1413 4890 aliquot
1425 4814 1540 4892 profert
1555 4834 1658 4873 exem-

319 4919 386 4995 pla,
413 4937 490 4994 qnae
512 4919 583 4976 olim
607 4919 746 4988 tractavi,
768 4917 817 4976 hic
839 4935 910 4974 vero
932 4916 1046 4974 omitto.
1093 4915 1210 4973 Deinde
1232 4915 1306 4974 haec
1328 4925 1469 4975 secuntur
1490 4918 1658 4976 secundum

319 5019 426 5079 librum
448 5020 658 5080 Florentinum
680 5021 728 5077 hio
750 5039 768 5076 a
790 5039 837 5078 me
859 5019 1027 5094 perscripta
1048 5026 1078 5076 et
1099 5019 1128 5077 in
1152 5018 1256 5093 paucis
1279 5027 1407 5076 mutatas

474 5125 545 5182 Item
569 5142 641 5200 quae
664 5125 762 5182 dicunt
784 5123 819 5179 ab
842 5122 943 5180 llbcdo
959 5121 1060 5179 Andro
1077 5121 1177 5198 Cyzico
1199 5121 1331 5179 liboelius
1346 5122 1477 5180 Andriue
1495 5122 1660 5197 Cyzicum,

474 5228 603 5285 similiter
620 5225 751 5302 Cyzicius
774 5225 831 5284 elici
853 5222 1000 5298 cebereti)
1024 5227 1093 5282 ciuis
1107 5226 1310 5298 unusquisque.
1344 5223 1422 5282 Nam
1436 5223 1551 5300 quaet)
1568 5224 1658 5283 Albe·

474 5347 561 5388 naeus
584 5329 689 5389 dicitur
710 5329 807 5389 rbetor
828 5329 938 5385 nomine
960 5329 1012 5384 etsi
1032 5344 1089 5383 non
1111 5328 1150 5384 sit
1163 5325 1355 5396 Atheniensis,
1378 5329 1408 5383 in
1430 5327 1482 5387 boc
1503 5329 1567 5403 ipae
1584 5346 1657 5385 aaa·
