3504 6004
527 649 580 700 Au
597 649 697 700 scus
715 648 847 700 nnsnn.
867 647 954 698 sev.
1328 627 1400 698 213

105 819 132 878 C.
154 805 289 881 Lentulus
315 840 412 898 angar
437 822 580 899 magister
608 821 716 882 dicitur
742 823 772 880 in
800 823 899 881 locum
928 819 1050 880 alterius
1077 819 1178 879 fratris
1204 819 1329 894 factum,
1360 821 1404 878 ita

103 923 182 982 simile
207 923 317 1000 aliquid
346 925 383 983 de
409 924 521 984 Pisone
547 925 596 983 bio
623 925 808 985 enuntiatum
834 925 898 984 init.
922 955 960 966 -
988 923 1054 984 Iam
1080 922 1171 999 igitur
1198 941 1266 982 cum
1292 924 1402 1000 magis-

102 1035 167 1084 trum
186 1028 252 1085 anni
268 1025 304 1084 at
327 1025 470 1086 Pisonem
491 1027 585 1087 fuisse
606 1035 738 1102 constet,
765 1027 925 1087 delendum
948 1033 993 1085 est
1013 1026 1046 1084 in
1066 1024 1102 1083 lr.
1121 1046 1135 1085 c
1156 1025 1295 1084 editionis
1319 1045 1403 1086 meae

101 1128 135 1201 (v.
149 1128 178 1203 8)
197 1129 317 1188 verbnm
338 1130 419 1206 qnod
442 1139 488 1189 est
506 1130 740 1208 proma9(ieter)‚
762 1131 832 1189 item
855 1129 1057 1206 reponendum
1079 1128 1112 1186 in
1126 1131 1150 1204 s
1166 1148 1194 1187 v.
1212 1129 1227 1186 1
1251 1128 1405 1203 adjecerunt

101 1227 132 1287 L.
150 1229 212 1289 Piso
229 1235 357 1310 pontefice
377 1240 408 1290 et
428 1233 459 1292 in
480 1234 544 1291 v.4
565 1233 602 1291 L.
626 1233 696 1292 Piso
716 1235 846 1309 pontisas
866 1236 1015 1309 mayietm
1043 1229 1170 1306 deniqne
1191 1232 1254 1290 v.-5
1277 1231 1405 1290 delenda

99 1332 223 1392 indicatio
244 1335 352 1394 hiatus.
371 1367 413 1378 -
434 1335 508 1395 Piso
530 1335 667 1413 pontifex
688 1355 755 1395 cum
777 1333 910 1394 annosa
933 1335 1143 1410 octogenarius
1166 1333 1328 1392 decesserit
1349 1332 1403 1408 (cf.

100 1434 175 1494 index
194 1437 345 1496 nominum
365 1437 436 1496 libri
457 1439 515 1497 mei
538 1456 562 1496 s.
577 1438 632 1514 v.),
654 1447 734 1498 recte
754 1448 860 1516 quater
881 1437 1053 1514 magisterio
1074 1435 1193 1495 functus
1211 1453 1279 1494 esse
1293 1442 1403 1513 potest,

99 1555 142 1594 nec
161 1539 314 1616 quicquam
336 1540 446 1612 obstet,
469 1558 528 1617 quo
546 1541 644 1600 minus
659 1541 697 1600 ad
711 1561 778 1600 eum
792 1540 937 1600 referatur
950 1542 1144 1616 mayisteriom
1158 1548 1301 1615 quartam,
1323 1535 1404 1614 quod

100 1639 197 1699 videtur
217 1642 443 1700 commemorari
463 1643 495 1700 in
517 1643 552 1700 lr.
569 1663 584 1702 e
604 1664 633 1702 v.
651 1645 698 1703 14.
713 1677 755 1689 -
777 1643 825 1703 De
846 1642 953 1703 Paullo
967 1641 1063 1700 Fabio
1078 1640 1202 1699 Persico
1224 1649 1253 1699 et
1268 1637 1323 1700 Cn.
1339 1639 1404 1699 Do·

100 1741 169 1799 nitio
182 1743 381 1804 Ahenobarbo
402 1753 473 1824 pot
484 1745 626 1805 Pisonem
648 1745 886 1806 commemoratis
907 1745 1051 1822 reliquiae
1072 1743 1225 1802 nominum
1245 1741 1404 1803 dubitatio·

100 1861 155 1902 nem
174 1863 231 1905 non
252 1847 419 1907 admittunt.
463 1845 583 1908 Caninii
605 1846 687 1909 Galli
708 1849 819 1908 mentio
841 1849 876 1908 lit
896 1847 927 1906 in
948 1847 1016 1923 fas
1034 1866 1061 1904 v.
1077 1846 1105 1905 5.

641 2040 844 2052 -ι-ι--ι

166 2196 343 2276 Fragmenta
363 2219 466 2260 mense
479 2202 561 2261 Maio
584 2202 751 2262 anni1874
772 2201 803 2260 in
822 2201 910 2260 vines
924 2198 1174 2260 Oeccarolliorum
1188 2205 1316 2276 reperta,
1336 2217 1403 2256 cnm

98 2297 262 2360 deiciebatur
286 2321 390 2362 murus
415 2303 537 2379 quidam
562 2314 698 2364 vetustus
725 2305 755 2362 in
782 2304 960 2362 coemeterio
986 2303 1218 2362 christianorum
1244 2299 1403 2378 adplicitus

21 2407 22 2484 ᾗ
99 2401 131 2458 ad
149 2422 257 2464 murum
280 2425 298 2465 a
318 2405 454 2466 Damaso
475 2425 555 2485 papa
575 2407 697 2468 factum.

992 2525 1137 2588 onasus
1216 2545 1228 2584 s

1047 3877 1083 3918 tlt
1099 3876 1165 3920 CON
1205 3875 1231 3920 20

1054 3979 1146 4023 ΤΛΤΙΛ
1205 3979 1231 4020 21

363 5007 387 5264 ἐ
404 5111 605 5157 senoninuvs
620 5127 627 5140 ·
644 5110 704 5154 eno
718 4906 765 5272 ‘d

281 5212 307 5254 ns
528 5199 563 5257 nl
578 5215 613 5258 ετ
629 5212 735 5258 osseis

108 5317 241 5408 Desciipsi
261 5351 299 5394 ex
320 5343 427 5414 ectypo
448 5337 616 5400 chartaceo.
