3520 6006
311 619 392 690 136
754 641 1062 693 ADDITAMENTVM
1081 641 1166 692 VOL.
1186 641 1215 691 11

319 813 383 872 sire
412 813 591 890 oppidunc'1)
622 815 686 872 sive
717 813 877 890 orbarit),
909 833 961 873 eos
993 815 1052 872 iam
1084 814 1287 890 intellegimus
1319 813 1409 872 etiam
1443 813 1507 871 iure
1536 811 1656 869 differre

319 935 338 972 a
362 915 497 992 reliquis.
543 914 623 989 Quid
646 918 726 993 quod
749 936 816 975 cum
839 917 951 994 passim
976 917 1096 988 111100,
1124 917 1203 974 intra
1225 933 1327 974 muros
1350 916 1479 988 scilicet,
1508 915 1657 972 dedicarit

314 1018 397 1094 plebs
424 1017 550 1092 urbana,
586 1019 650 1076 viro
678 1019 820 1096 primario
844 1018 1013 1078 Veronensi
1041 1017 1200 1094 titutum³)
1231 1019 1370 1095 posuisse
1398 1019 1550 1076 invenitur
1574 1017 1657 1093 plebs

317 1120 494 1197 uniucr(sa),
523 1121 638 1180 scilieet
663 1131 723 1180 tarn
748 1124 862 1180 urbana
883 1141 971 1198 quam
994 1121 1119 1195 rustica,
1149 1139 1276 1198 eumque
1298 1121 1417 1179 titulum
1440 1139 1500 1179 non
1518 1119 1657 1177 Veronae

320 1223 484 1299 proposuit,
507 1224 560 1282 sed
582 1233 669 1282 extra
691 1225 794 1284 urbem
817 1222 1010 1300 Colognolae.

189 1337 300 1386 Decreta
401 1325 563 1384 Decretum
589 1327 783 1386 decurionum
807 1335 839 1384 ut
859 1327 922 1384 iure
945 1328 1011 1398 fiat,
1038 1326 1214 1403 plerumque
1236 1335 1334 1384 certus
1358 1341 1498 1384 numerus
1522 1335 1556 1383 ut
1578 1324 1658 1381 adsit

185 1411 302 1460 (¹⁰⁰⁰V0'
320 1429 487 1504 requiritur.
531 1429 610 1488 Nam
640 1429 676 1487 de
704 1449 762 1488 una
790 1437 904 1488 tantum
931 1449 977 1502 re,
1005 1429 1121 1488 scilicet
1146 1429 1283 1488 hostibus
1310 1428 1446 1486 coloniae
1474 1427 1656 1484 territorium

179 1501 526 1622 qumd„invadentibus
549 1533 723 1590 decuriones
746 1541 946 1608 quotcumque
969 1531 1079 1590 adsunt
1102 1541 1134 1588 ut
1155 1531 1317 1590 decernant
1338 1530 1518 1606 permittitur
1541 1528 1591 1604 (5,
1608 1529 1656 1604 5);

211 1633 275 1681 finnt
321 1633 435 1690 scilicet
461 1633 502 1691 ibi
524 1634 689 1710 periculum
711 1643 757 1692 est
779 1635 809 1692 in
830 1652 922 1692 more.
966 1635 1073 1692 Altero
1096 1635 1175 1692 enim
1197 1635 1265 1692 loco
1288 1632 1430 1708 (7,15)‚
1452 1632 1503 1689 ubi
1528 1631 1565 1688 de
1587 1651 1658 1690 cura

319 1736 497 1812 templorum
527 1737 641 1812 agitur,
673 1755 732 1794 non
765 1746 825 1794 tam
852 1736 931 1794 idern
958 1737 1142 1813 permittitur
1173 1755 1261 1814 quam
1291 1753 1433 1794 numerus
1461 1735 1657 1794 decurionum

319 1837 471 1916 legitimus
498 1858 558 1896 non
585 1839 765 1897 enuntiatur.
809 1839 972 1898 Praeterea
1002 1839 1127 1914 singulis
1157 1839 1235 1896 locis
1262 1838 1373 1896 diserte
1402 1836 1439 1896 de
1468 1856 1504 1896 eo
1535 1845 1659 1896 caretur

319 1959 414 2016 neque
437 1951 535 1998 tamen
557 1941 669 2018 pariter
691 1941 797 1999 ubivis.
834 1941 914 2000 Nam
936 1951 1078 2016 quattuor
1099 1941 1247 2018 capitibus
1265 1941 1435 2015 requiritur,
1459 1951 1493 1998 01
1506 1940 1587 1998 adsit
1601 1959 1659 1996 non

319 2047 412 2102 minus
432 2047 525 2102 maior
542 2063 616 2119 pare
639 2043 697 2118 (sic
719 2043 753 2114 3,
770 2043 802 2118 9)
826 2044 889 2100 sive
911 2049 1003 2102 maior
1020 2063 1094 2120 pers
1118 2043 1176 2120 (sic
1197 2045 1224 2115 1,
1241 2044 1269 2102 9.
1294 2043 1326 2115 3,
1343 2043 1392 2100 24.
1416 2045 1450 2114 8,
1466 2044 1514 2120 5),
1543 2061 1603 2100 010
1627 2053 1660 2099 01

320 2145 399 2204 adsit
419 2121 474 2203 noh
496 2150 589 2204 minus
612 2148 733 2204 dimidia
751 2164 825 2221 pars
849 2145 973 2220 (6,18),
996 2146 1123 2218 duobus,
1146 2155 1178 2203 ut
1196 2145 1298 2204 adsint
1313 2164 1370 2203 non
1385 2149 1478 2204 minsas
1493 2144 1524 2202 L
1546 2144 1658 2220 (3,19.

321 2247 353 2320 6,
370 2247 442 2324 33),
469 2249 550 2324 quod
576 2248 679 2305 eodem
703 2247 818 2306 videtur
844 2248 957 2319 redire,
985 2267 1051 2306 curn
1078 2248 1255 2306 decuriones
1279 2257 1398 2307 centum
1424 2249 1456 2306 in
1483 2247 1658 2323 municipiis

320 2368 388 2408 esse
409 2349 571 2426 00100114).
607 2349 721 2409 Tribus
744 2359 858 2409 tanturn
882 2351 957 2409 locis
980 2369 1121 2408 numerus
1144 2351 1267 2409 dimidio
1289 2351 1385 2409 maior
1405 2348 1659 2432 1110011001ςί-

320 2462 382 2525 tur,
408 2463 438 2511 et
465 2454 582 2511 duobus
609 2454 727 2528 quidem
755 2453 864 2525 maior,
894 2455 1017 2512 duarum
1035 2457 1166 2530 partium
1191 2452 1289 2529 (4,1)
1316 2453 1425 2524 011010,
1454 2453 1548 2510 011010
1572 2455 1658 2508 tuom

316 2537 445 2633 partium
468 2555 511 2629 (7,
531 2554 597 2631 44),
620 2574 679 2613 uno
701 2555 807 2628 minor,
829 2565 863 2613 01
884 2555 982 2614 adsint
1003 2575 1058 2612 non
1079 2559 1172 2614 minus
1195 2554 1327 2614 XXXX
1345 2553 1470 2630 (4,12).
1507 2551 1659 2612 Convenit

319 2658 412 2734 igitur
432 2658 482 2715 lex
504 2659 577 2716 haee
599 2657 764 2715 Iuliacum
787 2657 959 2734 municipali
976 2655 1127 2731 Caesaris,
1150 2677 1226 2734 quae
1249 2667 1279 2715 et
1298 2657 1367 2734 ipsa
1388 2656 1430 2733 (v.
1445 2657 1519 2732 150)
1540 2656 1659 2732 legatus

320 2778 374 2835 per
399 2759 540 2819 maiorem
567 2769 682 2837 partem
708 2759 901 2818 decurionum
929 2761 1023 2818 creari
1049 2761 1147 2834 iubet,
1178 2761 1380 2834 receduntque
1410 2759 1515 2817 ambae
1544 2779 1563 2816 a
1591 2759 1660 2834 lege

317 2862 494 2939 municipali
517 2882 553 2921 ea
574 2881 663 2938 quam
686 2860 876 2940 Ulpianuat)
901 2863 1004 2922 scribit
1025 2879 1144 2935 cavere,
1171 2873 1205 2921 ut
1225 2863 1298 2920 ordo
1321 2879 1380 2920 non
1403 2861 1490 2920 aliter
1511 2861 1661 2920 habeatur

321 2982 410 3039 quem
433 2964 549 3023 duabus
571 2964 706 3042 partibus
729 2963 879 3035 adhibitis,
904 2983 992 3040 quam
1014 2965 1110 3042 legem
1133 2978 1164 3022 et
1185 2963 1311 3023 edictum
1335 2965 1464 3040 Augusti
1489 2964 1525 3022 de
1548 2982 1658 3040 aquae-

321 3067 411 3125 ductu
425 3064 596 3125 Venafrano
619 3074 648 3125 et
664 3065 789 3124 Flaviae
809 3067 891 3144 leges
908 3065 1096 3142 Salpensana
1117 3076 1146 3125 et
1160 3066 1344 3124 Malacitana
1364 3066 1427 3124 sere
1443 3064 1657 3142 sequunturi).

321 3167 514 3247 Quapropter
535 3169 615 3228 haud
636 3169 698 3228 scio
721 3189 758 3227 an
786 3178 906 3228 vetusta
931 3170 982 3228 lex
1010 3171 1152 3228 maiorem
1182 3177 1297 3227 tantum
1323 3169 1515 3227 decurionum
1539 3177 1657 3244 partem

319 3273 475 3346 requirens
498 3272 535 3330 ab
550 3273 689 3348 Augusto
712 3273 830 3330 demum
852 3281 967 3331 mutata
988 3272 1028 3328 sit
1050 3272 1211 3330 substituto
1235 3271 1360 3332 duarum
1375 3271 1502 3347 partium
1521 3289 1656 3330 numero.

322 3370 465 3434 Senatum
487 3374 655 3434 Romanum
683 3393 749 3432 cum
776 3383 893 3433 constet
919 3395 955 3434 ne
982 3374 1094 3433 liberae
1121 3373 1240 3450 quidem
1262 3374 1465 3451 reipublicae
1487 3381 1585 3431 aetate
1608 3373 1656 3431 de-

321 3495 443 3536 cernere
465 3477 611 3552 potuisse,
639 3477 697 3536 nisi
720 3477 757 3534 ad
785 3496 939 3535 numerum
963 3485 1118 3536 senatores
1141 3483 1255 3549 essent,
1281 3476 1308 3534 is
1330 3493 1472 3534 numerus
1494 3476 1544 3553 qui
1566 3475 1657 3534 100111

321 3599 382 3637 101
410 3579 580 3656 01101017),
609 3579 665 3637 hac
690 3579 756 3655 lege
784 3578 894 3638 collata
919 3579 1073 3655 probabile
1100 3589 1146 3638 est
1172 3579 1314 3637 maiorem
1341 3586 1456 3656 partem
1484 3585 1654 3636 senatorum

321 3681 428 3739 adesse
450 3681 600 3754 debuisse,
622 3681 681 3740 nisi
703 3681 827 3757 speciali
849 3681 913 3757 lege
936 3682 1038 3759 aliqua
1060 3691 1111 3740 aut
1132 3681 1169 3740 de
1190 3681 1303 3740 maiore
1326 3691 1379 3739 aut
1399 3680 1436 3740 de
1456 3681 1570 3740 minore
1586 3699 1654 3739 can·

320 3793 384 3840 tum
406 3792 497 3842 esset.

404 3886 518 3945 Eorum
540 3895 710 3945 senatorum
733 3887 786 3962 qui
808 3887 908 3944 adsint
930 3895 963 3945 ut
985 3887 1080 3946 maior
1102 3904 1172 3962 pars
1195 3885 1361 3946 consentiat
1382 3885 1556 3963 plerumque
1573 3885 1651 3944 suffi-

321 3988 369 4062 011,
391 3989 422 4046 id
444 3989 523 4066 quod
551 3989 666 4066 passim
689 3989 731 4064 (l,
748 3989 776 4048 9.
800 3988 877 4062 3,9.
898 3989 944 4048 19.
968 3987 1113 4064 4,1.12)
1136 3989 1247 4048 diserte
1269 3989 1449 4046 enuntiatur.
1493 3987 1652 4064 Exceptio-

322 4111 388 4150 nem
412 4091 524 4150 faciunt
546 4091 604 4150 duo
627 4093 726 4167 capita
748 4091 784 4148 de
805 4092 924 4169 hospite
947 4091 1000 4168 (8,
1017 4091 1054 4167 5)
1078 4099 1264 4168 patronoque
1287 4091 1336 4166 (7,
1352 4091 1410 4166 44)
1433 4091 1584 4167 eligend05
1608 4090 1652 4146 ibi

321 4195 400 4252 enim
427 4213 486 4252 non
514 4204 627 4280 tantum
655 4203 689 4250 ot
715 4193 817 4251 adsint
844 4194 939 4251 maior
964 4211 1034 4269 pars
1057 4193 1170 4252 duaeve
1193 4201 1294 4269 partes
1317 4193 1462 4270 exigitur,
1491 4191 1651 4250 sedetiam

323 4305 356 4354 ut
381 4305 570 4354 1011011011
592 4295 790 4356 consentiant.
834 4297 890 4354 Per
911 4295 1044 4355 tabellam
1065 4306 1098 4354 ut
1119 4295 1291 4372 suffragium
1313 4297 1436 4368 feratur,
1464 4307 1581 4354 cautum
1603 4301 1652 4350 est

399 4689 421 4751 ¹)
450 4687 650 4740 Ηο11016987.

397 4779 422 4844 ²)
451 4782 661 4833 Orelli-Henzen
681 4780 724 4831 ⁷5.
744 4783 825 4832 4052.
846 4782 931 4844 6986,
958 4783 1020 4832 item
1042 4780 1115 4849 plebs
1137 4778 1237 4831 urbana
1264 4781 1358 4846 passim
1384 4780 1453 4841 (vide
1473 4782 1577 4830 Henaen
1595 4777 1648 4827 ind.

321 4890 347 4938 p.
364 4873 435 4936 150).

398 4963 422 5028 ²)
451 4968 512 5018 Vol.
523 4967 548 5017 V
560 4983 586 5018 u.
601 4967 672 5017 3341
688 4987 721 5007 =
736 4967 842 5018 Henzeu
857 4967 937 5018 5591.

396 5056 422 5122 ⁴)
450 5059 604 5124 Marquardt
623 5057 868 5126 Staatceerwultunq
884 5063 907 5122 1,
922 5059 984 5110 502.

399 5149 422 5213 ⁵)
450 5152 511 5216 Dig.
526 5151 570 5215 50,
585 5154 611 5214 9,
627 5153 651 5202 3.

398 5240 422 5306 ⁶)
451 5245 484 5294 V.
503 5259 595 5295 comm.
615 5259 700 5295 meum
720 5261 746 5310 p.
761 5247 827 5306 4123
847 5245 1002 5310 Marquardt
1021 5241 1266 5308 Stuotsrenualtuny
1281 5245 1306 5304 1,
1322 5243 1383 5293 510.

398 5332 422 5399 l)
451 5337 552 5388 Becker
569 5339 597 5388 in
616 5338 712 5389 enchir.
728 5341 754 5402 2,
769 5340 794 5400 2,
809 5338 872 5388 436.
887 5339 955 5399 441;
976 5337 1128 5402 Msrquardt
1144 5336 1179 5384 ib.
1201 5336 1225 5398 2,
1241 5334 1267 5398 3,
1282 5334 1344 5384 225.
