<?xml version="1.0" encoding="UTF-8"?>
<!DOCTYPE html PUBLIC "-//W3C//DTD XHTML 1.0 Transitional//EN"
    "http://www.w3.org/TR/xhtml1/DTD/xhtml1-transitional.dtd">
<html xmlns="http://www.w3.org/1999/xhtml" xml:lang="en" lang="en">
 <head>
  <title>
</title>
<meta http-equiv="Content-Type" content="text/html;charset=utf-8" />
  <meta name='ocr-system' content='tesseract 3.04.00' />
  <meta name='ocr-capabilities' content='ocr_page ocr_carea ocr_par ocr_line ocrx_word'/>
</head>
<body>
  <div class='ocr_page' id='page_1' title='image "./ephemerisepigra09instgoog_0153.png"; bbox 0 0 3520 6006; ppageno 0'>
   <div class='ocr_carea' id='block_1_1' title="bbox 322 639 1277 733">
    <p class='ocr_par' dir='ltr' id='par_1_1' title="bbox 322 639 1277 733">
     <span class='ocr_line' id='line_1_1' title="bbox 322 639 1277 733; baseline -0.004 -23"><span class='ocrx_word' id='word_1_1' title='bbox 322 639 392 712; x_wconf 77' lang='lat'><strong>142</strong></span> <span class='ocrx_word' id='word_1_2' title='bbox 752 655 1063 708; x_wconf 77' lang='lat' dir='ltr'><strong>nuumnuaurvu</strong></span> <span class='ocrx_word' id='word_1_3' title='bbox 1080 655 1165 706; x_wconf 80' lang='lat' dir='ltr'><strong>vor..</strong></span> <span class='ocrx_word' id='word_1_4' title='bbox 1184 656 1215 708; x_wconf 91' lang='lat'><strong>11</strong></span> <span class='ocrx_word' id='word_1_5' title='bbox 1270 723 1277 733; x_wconf 39' lang='grc'>,</span> 
     </span>
    </p>
   </div>
   <div class='ocr_carea' id='block_1_2' title="bbox 319 827 1752 908">
    <p class='ocr_par' dir='ltr' id='par_1_2' title="bbox 319 827 1752 908">
     <span class='ocr_line' id='line_1_2' title="bbox 319 827 1752 908; baseline -0.005 -14"><span class='ocrx_word' id='word_1_6' title='bbox 319 833 471 894; x_wconf 74' lang='lat' dir='ltr'><strong>sustinuit.</strong></span> <span class='ocrx_word' id='word_1_7' title='bbox 516 829 595 892; x_wconf 89' lang='lat' dir='ltr'><strong>Saue</strong></span> <span class='ocrx_word' id='word_1_8' title='bbox 623 849 676 908; x_wconf 88' lang='lat' dir='ltr'><strong>per</strong></span> <span class='ocrx_word' id='word_1_9' title='bbox 703 847 736 889; x_wconf 88' lang='lat' dir='ltr'><strong>se</strong></span> <span class='ocrx_word' id='word_1_10' title='bbox 761 831 868 888; x_wconf 87' lang='lat' dir='ltr'><strong>mirum</strong></span> <span class='ocrx_word' id='word_1_11' title='bbox 895 835 944 889; x_wconf 90' lang='lat' dir='ltr'><strong>est</strong></span> <span class='ocrx_word' id='word_1_12' title='bbox 965 827 1096 888; x_wconf 87' lang='lat' dir='ltr'><strong>IIvirum</strong></span> <span class='ocrx_word' id='word_1_13' title='bbox 1123 828 1215 888; x_wconf 89' lang='lat' dir='ltr'><strong>simul</strong></span> <span class='ocrx_word' id='word_1_14' title='bbox 1243 836 1274 887; x_wconf 89' lang='lat' dir='ltr'><strong>et</strong></span> <span class='ocrx_word' id='word_1_15' title='bbox 1295 829 1444 905; x_wconf 87' lang='lat' dir='ltr'><strong>praetoris</strong></span> <span class='ocrx_word' id='word_1_16' title='bbox 1467 838 1498 887; x_wconf 88' lang='lat' dir='ltr'><strong>et</strong></span> <span class='ocrx_word' id='word_1_17' title='bbox 1518 829 1656 904; x_wconf 88' lang='lat' dir='ltr'><strong>petitoris</strong></span> <span class='ocrx_word' id='word_1_18' title='bbox 1751 893 1752 896; x_wconf 8' lang='grc' dir='ltr'><strong>Ἴ</strong></span> 
     </span>
    </p>
   </div>
   <div class='ocr_carea' id='block_1_3' title="bbox 318 930 1661 1609">
    <p class='ocr_par' dir='ltr' id='par_1_3' title="bbox 318 930 1661 1609">
     <span class='ocr_line' id='line_1_3' title="bbox 319 930 1657 1010; baseline -0.004 -16"><span class='ocrx_word' id='word_1_19' title='bbox 319 935 418 994; x_wconf 88' lang='lat' dir='ltr'><strong>officio</strong></span> <span class='ocrx_word' id='word_1_20' title='bbox 440 934 540 1010; x_wconf 79' lang='lat' dir='ltr'><strong>fungi3</strong></span> <span class='ocrx_word' id='word_1_21' title='bbox 564 933 616 992; x_wconf 91' lang='lat' dir='ltr'><strong>sed</strong></span> <span class='ocrx_word' id='word_1_22' title='bbox 638 933 681 992; x_wconf 87' lang='lat' dir='ltr'><strong>itu</strong></span> <span class='ocrx_word' id='word_1_23' title='bbox 701 933 733 990; x_wconf 94' lang='lat' dir='ltr'><strong>in</strong></span> <span class='ocrx_word' id='word_1_24' title='bbox 755 931 821 1010; x_wconf 86' lang='lat' dir='ltr'><strong>lege</strong></span> <span class='ocrx_word' id='word_1_25' title='bbox 842 940 961 992; x_wconf 87' lang='lat' dir='ltr'><strong>cautum</strong></span> <span class='ocrx_word' id='word_1_26' title='bbox 983 939 1284 1008; x_wconf 51' lang='lat' dir='ltr'><strong>est,‚excusaturque</strong></span> <span class='ocrx_word' id='word_1_27' title='bbox 1305 951 1343 990; x_wconf 83' lang='lat' dir='ltr'><strong>ea</strong></span> <span class='ocrx_word' id='word_1_28' title='bbox 1362 931 1466 990; x_wconf 88' lang='lat' dir='ltr'><strong>indicii</strong></span> <span class='ocrx_word' id='word_1_29' title='bbox 1483 930 1657 989; x_wconf 89' lang='lat' dir='ltr'><strong>constitutio</strong></span> 
     </span>
     <span class='ocr_line' id='line_1_4' title="bbox 318 1033 1658 1114; baseline -0.002 -19"><span class='ocrx_word' id='word_1_30' title='bbox 318 1035 540 1114; x_wconf 89' lang='lat' dir='ltr'><strong>quodammodo</strong></span> <span class='ocrx_word' id='word_1_31' title='bbox 562 1053 608 1106; x_wconf 92' lang='lat' dir='ltr'><strong>eo,</strong></span> <span class='ocrx_word' id='word_1_32' title='bbox 631 1034 713 1111; x_wconf 88' lang='lat' dir='ltr'><strong>quod</strong></span> <span class='ocrx_word' id='word_1_33' title='bbox 735 1047 802 1093; x_wconf 89' lang='lat' dir='ltr'><strong>cum</strong></span> <span class='ocrx_word' id='word_1_34' title='bbox 825 1035 1020 1114; x_wconf 75' lang='lat' dir='ltr'><strong>magistratus</strong></span> <span class='ocrx_word' id='word_1_35' title='bbox 1035 1033 1085 1112; x_wconf 91' lang='lat' dir='ltr'><strong>qui</strong></span> <span class='ocrx_word' id='word_1_36' title='bbox 1100 1033 1186 1112; x_wconf 89' lang='lat' dir='ltr'><strong>petit,</strong></span> <span class='ocrx_word' id='word_1_37' title='bbox 1209 1052 1268 1112; x_wconf 89' lang='lat' dir='ltr'><strong>quo</strong></span> <span class='ocrx_word' id='word_1_38' title='bbox 1283 1041 1418 1110; x_wconf 90' lang='lat' dir='ltr'><strong>tempore</strong></span> <span class='ocrx_word' id='word_1_39' title='bbox 1432 1033 1470 1092; x_wconf 86' lang='lat' dir='ltr'><strong>de</strong></span> <span class='ocrx_word' id='word_1_40' title='bbox 1484 1053 1520 1092; x_wconf 88' lang='lat' dir='ltr'><strong>ea</strong></span> <span class='ocrx_word' id='word_1_41' title='bbox 1534 1054 1567 1092; x_wconf 88' lang='lat' dir='ltr'><strong>re</strong></span> <span class='ocrx_word' id='word_1_42' title='bbox 1582 1033 1658 1092; x_wconf 90' lang='lat' dir='ltr'><strong>iudi-</strong></span> 
     </span>
     <span class='ocr_line' id='line_1_5' title="bbox 319 1135 1658 1216; baseline -0.004 -18"><span class='ocrx_word' id='word_1_43' title='bbox 319 1141 397 1198; x_wconf 90' lang='lat' dir='ltr'><strong>cium</strong></span> <span class='ocrx_word' id='word_1_44' title='bbox 424 1138 489 1197; x_wconf 90' lang='lat' dir='ltr'><strong>fieri</strong></span> <span class='ocrx_word' id='word_1_45' title='bbox 510 1144 641 1216; x_wconf 84' lang='lat' dir='ltr'><strong>oportet,</strong></span> <span class='ocrx_word' id='word_1_46' title='bbox 670 1138 735 1196; x_wconf 88' lang='lat' dir='ltr'><strong>sine</strong></span> <span class='ocrx_word' id='word_1_47' title='bbox 756 1137 838 1196; x_wconf 88' lang='lat' dir='ltr'><strong>iusta</strong></span> <span class='ocrx_word' id='word_1_48' title='bbox 859 1154 952 1196; x_wconf 87' lang='lat' dir='ltr'><strong>causa</strong></span> <span class='ocrx_word' id='word_1_49' title='bbox 972 1156 1033 1196; x_wconf 90' lang='lat' dir='ltr'><strong>non</strong></span> <span class='ocrx_word' id='word_1_50' title='bbox 1054 1135 1155 1210; x_wconf 88' lang='lat' dir='ltr'><strong>adest,</strong></span> <span class='ocrx_word' id='word_1_51' title='bbox 1183 1154 1219 1196; x_wconf 89' lang='lat' dir='ltr'><strong>eo</strong></span> <span class='ocrx_word' id='word_1_52' title='bbox 1243 1136 1365 1196; x_wconf 81' lang='lat' dir='ltr'><strong>absente</strong></span> <span class='ocrx_word' id='word_1_53' title='bbox 1386 1135 1528 1196; x_wconf 86' lang='lat' dir='ltr'><strong>iudicium</strong></span> <span class='ocrx_word' id='word_1_54' title='bbox 1549 1136 1658 1196; x_wconf 88' lang='lat' dir='ltr'><strong>nihilo-</strong></span> 
     </span>
     <span class='ocr_line' id='line_1_6' title="bbox 319 1235 1659 1320; baseline -0.004 -18"><span class='ocrx_word' id='word_1_55' title='bbox 319 1242 419 1302; x_wconf 87' lang='lat' dir='ltr'><strong>minus</strong></span> <span class='ocrx_word' id='word_1_56' title='bbox 433 1235 635 1320; x_wconf 86' lang='lat' dir='ltr'><strong>perficitur¹);</strong></span> <span class='ocrx_word' id='word_1_57' title='bbox 658 1241 733 1300; x_wconf 88' lang='lat' dir='ltr'><strong>satis</strong></span> <span class='ocrx_word' id='word_1_58' title='bbox 752 1239 830 1298; x_wconf 89' lang='lat' dir='ltr'><strong>euim</strong></span> <span class='ocrx_word' id='word_1_59' title='bbox 845 1239 914 1298; x_wconf 90' lang='lat' dir='ltr'><strong>inde</strong></span> <span class='ocrx_word' id='word_1_60' title='bbox 929 1239 1112 1316; x_wconf 83' lang='lat' dir='ltr'><strong>intellegitur</strong></span> <span class='ocrx_word' id='word_1_61' title='bbox 1127 1238 1257 1298; x_wconf 82' lang='lat' dir='ltr'><strong>IIvirum</strong></span> <span class='ocrx_word' id='word_1_62' title='bbox 1273 1240 1393 1298; x_wconf 89' lang='lat' dir='ltr'><strong>nomine</strong></span> <span class='ocrx_word' id='word_1_63' title='bbox 1408 1241 1504 1316; x_wconf 86' lang='lat' dir='ltr'><strong>magis</strong></span> <span class='ocrx_word' id='word_1_64' title='bbox 1519 1257 1612 1315; x_wconf 90' lang='lat' dir='ltr'><strong>quam</strong></span> <span class='ocrx_word' id='word_1_65' title='bbox 1626 1258 1659 1297; x_wconf 89' lang='lat' dir='ltr'><strong>re</strong></span> 
     </span>
     <span class='ocr_line' id='line_1_7' title="bbox 320 1339 1659 1420; baseline -0.002 -17"><span class='ocrx_word' id='word_1_66' title='bbox 320 1343 431 1403; x_wconf 87' lang='lat' dir='ltr'><strong>actoris</strong></span> <span class='ocrx_word' id='word_1_67' title='bbox 452 1342 587 1419; x_wconf 87' lang='lat' dir='ltr'><strong>partibus</strong></span> <span class='ocrx_word' id='word_1_68' title='bbox 607 1342 740 1400; x_wconf 84' lang='lat' dir='ltr'><strong>iunctum</strong></span> <span class='ocrx_word' id='word_1_69' title='bbox 763 1359 841 1402; x_wconf 89' lang='lat' dir='ltr'><strong>esse.</strong></span> <span class='ocrx_word' id='word_1_70' title='bbox 884 1339 971 1416; x_wconf 41' lang='lat' dir='ltr'><strong>Nam,</strong></span> <span class='ocrx_word' id='word_1_71' title='bbox 986 1342 1123 1420; x_wconf 83' lang='lat' dir='ltr'><strong>privatus</strong></span> <span class='ocrx_word' id='word_1_72' title='bbox 1145 1342 1172 1402; x_wconf 92' lang='lat' dir='ltr'><strong>si</strong></span> <span class='ocrx_word' id='word_1_73' title='bbox 1193 1341 1332 1401; x_wconf 80' lang='lat' dir='ltr'><strong>similiter</strong></span> <span class='ocrx_word' id='word_1_74' title='bbox 1354 1343 1453 1416; x_wconf 88' lang='lat' dir='ltr'><strong>abest,</strong></span> <span class='ocrx_word' id='word_1_75' title='bbox 1476 1361 1536 1401; x_wconf 91' lang='lat' dir='ltr'><strong>uon</strong></span> <span class='ocrx_word' id='word_1_76' title='bbox 1559 1341 1659 1400; x_wconf 88' lang='lat' dir='ltr'><strong>solum</strong></span> 
     </span>
     <span class='ocr_line' id='line_1_8' title="bbox 320 1443 1661 1523; baseline -0.002 -18"><span class='ocrx_word' id='word_1_77' title='bbox 320 1447 464 1506; x_wconf 89' lang='lat' dir='ltr'><strong>iudicium</strong></span> <span class='ocrx_word' id='word_1_78' title='bbox 492 1445 633 1516; x_wconf 83' lang='lat' dir='ltr'><strong>solvitur,</strong></span> <span class='ocrx_word' id='word_1_79' title='bbox 660 1443 714 1504; x_wconf 89' lang='lat' dir='ltr'><strong>sed</strong></span> <span class='ocrx_word' id='word_1_80' title='bbox 740 1445 831 1503; x_wconf 86' lang='lat' dir='ltr'><strong>etiam</strong></span> <span class='ocrx_word' id='word_1_81' title='bbox 859 1453 941 1503; x_wconf 87' lang='lat' dir='ltr'><strong>actor</strong></span> <span class='ocrx_word' id='word_1_82' title='bbox 962 1443 1000 1504; x_wconf 89' lang='lat' dir='ltr'><strong>ab</strong></span> <span class='ocrx_word' id='word_1_83' title='bbox 1021 1444 1079 1502; x_wconf 90' lang='lat' dir='ltr'><strong>boc</strong></span> <span class='ocrx_word' id='word_1_84' title='bbox 1099 1461 1209 1521; x_wconf 83' lang='lat' dir='ltr'><strong>genere</strong></span> <span class='ocrx_word' id='word_1_85' title='bbox 1229 1443 1405 1504; x_wconf 88' lang='lat' dir='ltr'><strong>iudiciorum</strong></span> <span class='ocrx_word' id='word_1_86' title='bbox 1428 1444 1661 1523; x_wconf 88' lang='lat' dir='ltr'><strong>inperpetuum</strong></span> 
     </span>
     <span class='ocr_line' id='line_1_9' title="bbox 324 1553 1373 1609; baseline -0.005 -1"><span class='ocrx_word' id='word_1_87' title='bbox 324 1557 451 1609; x_wconf 83' lang='lat' dir='ltr'><strong>arcetur.</strong></span> <span class='ocrx_word' id='word_1_88' title='bbox 1367 1553 1373 1564; x_wconf 88' lang='grc'><em>“</em></span> 
     </span>
    </p>
   </div>
   <div class='ocr_carea' id='block_1_4' title="bbox 189 1648 1662 1728">
    <p class='ocr_par' dir='ltr' id='par_1_4' title="bbox 189 1648 1662 1728">
     <span class='ocr_line' id='line_1_10' title="bbox 189 1648 1662 1728; baseline -0.007 -11"><span class='ocrx_word' id='word_1_89' title='bbox 189 1669 304 1718; x_wconf 68' lang='lat' dir='ltr'><strong>Ericusa</strong></span> <span class='ocrx_word' id='word_1_90' title='bbox 404 1651 625 1710; x_wconf 79' lang='lat' dir='ltr'><strong>Excusationes</strong></span> <span class='ocrx_word' id='word_1_91' title='bbox 641 1648 774 1708; x_wconf 89' lang='lat' dir='ltr'><strong>absentis</strong></span> <span class='ocrx_word' id='word_1_92' title='bbox 788 1649 927 1728; x_wconf 89' lang='lat' dir='ltr'><strong>petitoris</strong></span> <span class='ocrx_word' id='word_1_93' title='bbox 943 1657 1298 1726; x_wconf 79' lang='lat' dir='ltr'><strong>enumeranturseptemr</strong></span> <span class='ocrx_word' id='word_1_94' title='bbox 1324 1649 1356 1726; x_wconf 92' lang='lat' dir='ltr'><strong>l)</strong></span> <span class='ocrx_word' id='word_1_95' title='bbox 1379 1649 1499 1709; x_wconf 82' lang='lat' dir='ltr'><strong>morbus</strong></span> <span class='ocrx_word' id='word_1_96' title='bbox 1515 1650 1662 1722; x_wconf 88' lang='lat' dir='ltr'><strong>sonticus,</strong></span> 
     </span>
    </p>
   </div>
   <div class='ocr_carea' id='block_1_5' title="bbox 201 1743 295 1866">
    <p class='ocr_par' dir='ltr' id='par_1_5' title="bbox 201 1743 295 1866">
     <span class='ocr_line' id='line_1_11' title="bbox 205 1743 289 1791; baseline 0.012 -1"><span class='ocrx_word' id='word_1_97' title='bbox 205 1743 289 1791; x_wconf 88' lang='lat' dir='ltr'><strong>tiones</strong></span> 
     </span>
     <span class='ocr_line' id='line_1_12' title="bbox 201 1817 295 1866; baseline -0.021 0"><span class='ocrx_word' id='word_1_98' title='bbox 201 1817 295 1866; x_wconf 88' lang='lat' dir='ltr'><strong>actoris</strong></span> 
     </span>
    </p>
   </div>
   <div class='ocr_carea' id='block_1_6' title="bbox 322 1751 1752 2547">
    <p class='ocr_par' dir='ltr' id='par_1_6' title="bbox 322 1751 1752 2547">
     <span class='ocr_line' id='line_1_13' title="bbox 323 1751 1663 1832; baseline -0.004 -18"><span class='ocrx_word' id='word_1_99' title='bbox 323 1753 356 1832; x_wconf 77' lang='lat'><strong>2)</strong></span> <span class='ocrx_word' id='word_1_100' title='bbox 380 1753 596 1826; x_wconf 84' lang='lat' dir='ltr'><strong>vadimonium,</strong></span> <span class='ocrx_word' id='word_1_101' title='bbox 625 1752 658 1828; x_wconf 88' lang='lat'><strong>3)</strong></span> <span class='ocrx_word' id='word_1_102' title='bbox 679 1751 838 1826; x_wconf 90' lang='lat' dir='ltr'><strong>iudicium,</strong></span> <span class='ocrx_word' id='word_1_103' title='bbox 868 1751 902 1829; x_wconf 86' lang='lat'><strong>4)</strong></span> <span class='ocrx_word' id='word_1_104' title='bbox 926 1751 1120 1823; x_wconf 87' lang='lat' dir='ltr'><strong>sacrificium,</strong></span> <span class='ocrx_word' id='word_1_105' title='bbox 1151 1752 1184 1827; x_wconf 81' lang='lat'><strong>5)</strong></span> <span class='ocrx_word' id='word_1_106' title='bbox 1205 1752 1296 1812; x_wconf 85' lang='lat' dir='ltr'><strong>funus</strong></span> <span class='ocrx_word' id='word_1_107' title='bbox 1318 1751 1481 1823; x_wconf 82' lang='lat' dir='ltr'><strong>familiare,</strong></span> <span class='ocrx_word' id='word_1_108' title='bbox 1510 1751 1543 1828; x_wconf 88' lang='grc'><strong>6)</strong></span> <span class='ocrx_word' id='word_1_109' title='bbox 1565 1752 1663 1810; x_wconf 84' lang='lat' dir='ltr'><strong>feriae</strong></span> 
     </span>
     <span class='ocr_line' id='line_1_14' title="bbox 324 1853 1665 1932; baseline -0.003 -16"><span class='ocrx_word' id='word_1_110' title='bbox 324 1856 490 1928; x_wconf 82' lang='lat' dir='ltr'><strong>donicatas,</strong></span> <span class='ocrx_word' id='word_1_111' title='bbox 514 1855 547 1932; x_wconf 82' lang='lat'><strong>7)</strong></span> <span class='ocrx_word' id='word_1_112' title='bbox 570 1853 762 1931; x_wconf 78' lang='lat' dir='ltr'><strong>magistratus</strong></span> <span class='ocrx_word' id='word_1_113' title='bbox 783 1863 956 1931; x_wconf 79' lang='lat' dir='ltr'><strong>potestasre</strong></span> <span class='ocrx_word' id='word_1_114' title='bbox 977 1854 1080 1931; x_wconf 92' lang='lat' dir='ltr'><strong>populi</strong></span> <span class='ocrx_word' id='word_1_115' title='bbox 1101 1853 1242 1912; x_wconf 87' lang='lat' dir='ltr'><strong>Romani.</strong></span> <span class='ocrx_word' id='word_1_116' title='bbox 1285 1854 1402 1914; x_wconf 88' lang='lat' dir='ltr'><strong>Harum</strong></span> <span class='ocrx_word' id='word_1_117' title='bbox 1424 1873 1582 1914; x_wconf 85' lang='lat' dir='ltr'><strong>causarum</strong></span> <span class='ocrx_word' id='word_1_118' title='bbox 1606 1871 1665 1912; x_wconf 86' lang='lat' dir='ltr'><strong>sex</strong></span> 
     </span>
     <span class='ocr_line' id='line_1_15' title="bbox 322 1955 1666 2037; baseline -0.001 -19"><span class='ocrx_word' id='word_1_119' title='bbox 322 1959 438 2037; x_wconf 91' lang='lat' dir='ltr'><strong>primae</strong></span> <span class='ocrx_word' id='word_1_120' title='bbox 462 1957 599 2018; x_wconf 88' lang='lat' dir='ltr'><strong>videntur</strong></span> <span class='ocrx_word' id='word_1_121' title='bbox 620 1957 772 2036; x_wconf 88' lang='lat' dir='ltr'><strong>proficisci</strong></span> <span class='ocrx_word' id='word_1_122' title='bbox 794 1975 833 2015; x_wconf 82' lang='lat' dir='ltr'><strong>ox</strong></span> <span class='ocrx_word' id='word_1_123' title='bbox 854 1957 931 2034; x_wconf 89' lang='lat' dir='ltr'><strong>ipsis</strong></span> <span class='ocrx_word' id='word_1_124' title='bbox 952 1956 1016 2016; x_wconf 85' lang='lat' dir='ltr'><strong>XII</strong></span> <span class='ocrx_word' id='word_1_125' title='bbox 1038 1956 1163 2029; x_wconf 86' lang='lat' dir='ltr'><strong>tabulis,</strong></span> <span class='ocrx_word' id='word_1_126' title='bbox 1189 1956 1240 2016; x_wconf 90' lang='lat' dir='ltr'><strong>ubi</strong></span> <span class='ocrx_word' id='word_1_127' title='bbox 1262 1956 1307 2016; x_wconf 91' lang='lat' dir='ltr'><strong>sio</strong></span> <span class='ocrx_word' id='word_1_128' title='bbox 1327 1957 1528 2034; x_wconf 88' lang='lat' dir='ltr'><strong>perscriptum</strong></span> <span class='ocrx_word' id='word_1_129' title='bbox 1549 1955 1610 2015; x_wconf 80' lang='lat' dir='ltr'><strong>rute</strong></span> <span class='ocrx_word' id='word_1_130' title='bbox 1632 1957 1666 2016; x_wconf 87' lang='lat' dir='ltr'><strong>in</strong></span> 
     </span>
     <span class='ocr_line' id='line_1_16' title="bbox 322 2059 1601 2144; baseline -0.004 -23"><span class='ocrx_word' id='word_1_131' title='bbox 322 2061 471 2121; x_wconf 88' lang='lat' dir='ltr'><strong>secundae</strong></span> <span class='ocrx_word' id='word_1_132' title='bbox 489 2060 613 2120; x_wconf 86' lang='lat' dir='ltr'><strong>tabulae</strong></span> <span class='ocrx_word' id='word_1_133' title='bbox 633 2059 766 2144; x_wconf 76' lang='lat' dir='ltr'><strong>secunda</strong></span> <span class='ocrx_word' id='word_1_134' title='bbox 786 2059 865 2136; x_wconf 83' lang='lat' dir='ltr'><strong>lege:</strong></span> <span class='ocrx_word' id='word_1_135' title='bbox 888 2060 1002 2118; x_wconf 80' lang='lat' dir='ltr'><strong>morbus</strong></span> <span class='ocrx_word' id='word_1_136' title='bbox 1023 2061 1149 2118; x_wconf 76' lang='lat' dir='ltr'><strong>sonticus</strong></span> <span class='ocrx_word' id='word_1_137' title='bbox 1171 2069 1223 2118; x_wconf 87' lang='lat' dir='ltr'><strong>cat</strong></span> <span class='ocrx_word' id='word_1_138' title='bbox 1242 2068 1335 2118; x_wconf 82' lang='lat' dir='ltr'><strong>statae</strong></span> <span class='ocrx_word' id='word_1_139' title='bbox 1356 2060 1417 2119; x_wconf 79' lang='lat' dir='ltr'><strong>dier</strong></span> <span class='ocrx_word' id='word_1_140' title='bbox 1439 2077 1500 2118; x_wconf 84' lang='lat' dir='ltr'><strong>carn</strong></span> <span class='ocrx_word' id='word_1_141' title='bbox 1522 2059 1601 2117; x_wconf 81' lang='lat' dir='ltr'><strong>boeto</strong></span> 
     </span>
     <span class='ocr_line' id='line_1_17' title="bbox 324 2154 1752 2242; baseline -0.006 -19"><span class='ocrx_word' id='word_1_142' title='bbox 324 2163 492 2242; x_wconf 58' lang='lat' dir='ltr'><strong>qvidqvid]</strong></span> <span class='ocrx_word' id='word_1_143' title='bbox 514 2163 616 2221; x_wconf 78' lang='lat' dir='ltr'><strong>boram</strong></span> <span class='ocrx_word' id='word_1_144' title='bbox 630 2164 693 2238; x_wconf 84' lang='lat' dir='ltr'><strong>suit</strong></span> <span class='ocrx_word' id='word_1_145' title='bbox 713 2181 800 2220; x_wconf 84' lang='lat' dir='ltr'><strong>vauro</strong></span> <span class='ocrx_word' id='word_1_146' title='bbox 820 2163 910 2220; x_wconf 83' lang='lat' dir='ltr'><strong>iudici</strong></span> <span class='ocrx_word' id='word_1_147' title='bbox 931 2161 1073 2220; x_wconf 76' lang='lat' dir='ltr'><strong>arbitrove</strong></span> <span class='ocrx_word' id='word_1_148' title='bbox 1091 2181 1173 2222; x_wconf 81' lang='lat' dir='ltr'><strong>reove</strong></span> <span class='ocrx_word' id='word_1_149' title='bbox 1192 2181 1223 2220; x_wconf 87' lang='lat' dir='ltr'><strong>ao</strong></span> <span class='ocrx_word' id='word_1_150' title='bbox 1244 2163 1298 2232; x_wconf 86' lang='lat' dir='ltr'><strong>die,</strong></span> <span class='ocrx_word' id='word_1_151' title='bbox 1322 2161 1408 2238; x_wconf 81' lang='lat' dir='ltr'><strong>[dier]</strong></span> <span class='ocrx_word' id='word_1_152' title='bbox 1427 2154 1539 2238; x_wconf 70' lang='lat' dir='ltr'><strong>diffisus</strong></span> <span class='ocrx_word' id='word_1_153' title='bbox 1555 2160 1665 2237; x_wconf 81' lang='lat' dir='ltr'><strong>erto²).</strong></span> <span class='ocrx_word' id='word_1_154' title='bbox 1751 2211 1752 2214; x_wconf 74' lang='grc'>,</span> 
     </span>
     <span class='ocr_line' id='line_1_18' title="bbox 323 2263 1667 2342; baseline -0.002 -17"><span class='ocrx_word' id='word_1_155' title='bbox 323 2267 459 2325; x_wconf 85' lang='lat' dir='ltr'><strong>Indidem</strong></span> <span class='ocrx_word' id='word_1_156' title='bbox 486 2265 598 2330; x_wconf 87' lang='lat' dir='ltr'><strong>dudum</strong></span> <span class='ocrx_word' id='word_1_157' title='bbox 625 2265 809 2324; x_wconf 89' lang='lat' dir='ltr'><strong>intellectum</strong></span> <span class='ocrx_word' id='word_1_158' title='bbox 835 2272 881 2323; x_wconf 91' lang='lat' dir='ltr'><strong>est</strong></span> <span class='ocrx_word' id='word_1_159' title='bbox 906 2263 1036 2342; x_wconf 88' lang='lat' dir='ltr'><strong>pendere</strong></span> <span class='ocrx_word' id='word_1_160' title='bbox 1063 2281 1185 2338; x_wconf 71' lang='lat' dir='ltr'><strong>musas,</strong></span> <span class='ocrx_word' id='word_1_161' title='bbox 1215 2273 1337 2340; x_wconf 82' lang='lat' dir='ltr'><strong>propter</strong></span> <span class='ocrx_word' id='word_1_162' title='bbox 1362 2281 1438 2340; x_wconf 87' lang='lat' dir='ltr'><strong>quas</strong></span> <span class='ocrx_word' id='word_1_163' title='bbox 1464 2263 1552 2322; x_wconf 91' lang='lat' dir='ltr'><strong>militi</strong></span> <span class='ocrx_word' id='word_1_164' title='bbox 1580 2263 1667 2323; x_wconf 82' lang='lat' dir='ltr'><strong>iacto</strong></span> 
     </span>
     <span class='ocr_line' id='line_1_19' title="bbox 324 2365 1656 2444; baseline -0.002 -17"><span class='ocrx_word' id='word_1_165' title='bbox 324 2369 362 2428; x_wconf 90' lang='lat' dir='ltr'><strong>ad</strong></span> <span class='ocrx_word' id='word_1_166' title='bbox 389 2368 467 2428; x_wconf 88' lang='lat' dir='ltr'><strong>diem</strong></span> <span class='ocrx_word' id='word_1_167' title='bbox 494 2387 555 2427; x_wconf 89' lang='lat' dir='ltr'><strong>non</strong></span> <span class='ocrx_word' id='word_1_168' title='bbox 581 2368 689 2428; x_wconf 88' lang='lat' dir='ltr'><strong>adessa</strong></span> <span class='ocrx_word' id='word_1_169' title='bbox 715 2377 796 2426; x_wconf 85' lang='lat' dir='ltr'><strong>recte</strong></span> <span class='ocrx_word' id='word_1_170' title='bbox 822 2366 946 2440; x_wconf 87' lang='lat' dir='ltr'><strong>licebat,</strong></span> <span class='ocrx_word' id='word_1_171' title='bbox 976 2367 1021 2426; x_wconf 88' lang='lat' dir='ltr'><strong>sio</strong></span> <span class='ocrx_word' id='word_1_172' title='bbox 1046 2367 1157 2426; x_wconf 83' lang='lat' dir='ltr'><strong>relatas</strong></span> <span class='ocrx_word' id='word_1_173' title='bbox 1183 2365 1263 2444; x_wconf 88' lang='lat' dir='ltr'><strong>apud</strong></span> <span class='ocrx_word' id='word_1_174' title='bbox 1290 2365 1437 2427; x_wconf 86' lang='lat' dir='ltr'><strong>Gellium:</strong></span> <span class='ocrx_word' id='word_1_175' title='bbox 1458 2369 1551 2441; x_wconf 80' lang='lat' dir='ltr'><strong>sanus</strong></span> <span class='ocrx_word' id='word_1_176' title='bbox 1571 2368 1656 2442; x_wconf 81' lang='lat' dir='ltr'><strong>sumi</strong></span> 
     </span>
     <span class='ocr_line' id='line_1_20' title="bbox 326 2468 1667 2547; baseline -0.003 -17"><span class='ocrx_word' id='word_1_177' title='bbox 326 2474 412 2542; x_wconf 85' lang='lat' dir='ltr'><strong>liare,</strong></span> <span class='ocrx_word' id='word_1_178' title='bbox 435 2473 565 2547; x_wconf 76' lang='lat' dir='ltr'><strong>feriaeve</strong></span> <span class='ocrx_word' id='word_1_179' title='bbox 591 2471 735 2530; x_wconf 73' lang='lat' dir='ltr'><strong>donicatas</strong></span> <span class='ocrx_word' id='word_1_180' title='bbox 761 2488 836 2546; x_wconf 85' lang='lat' dir='ltr'><strong>quae</strong></span> <span class='ocrx_word' id='word_1_181' title='bbox 860 2487 918 2528; x_wconf 85' lang='lat' dir='ltr'><strong>non</strong></span> <span class='ocrx_word' id='word_1_182' title='bbox 945 2472 1004 2528; x_wconf 77' lang='lat' dir='ltr'><strong>eius</strong></span> <span class='ocrx_word' id='word_1_183' title='bbox 1031 2473 1075 2528; x_wconf 86' lang='lat' dir='ltr'><strong>rei</strong></span> <span class='ocrx_word' id='word_1_184' title='bbox 1101 2487 1189 2528; x_wconf 81' lang='lat' dir='ltr'><strong>occec</strong></span> <span class='ocrx_word' id='word_1_185' title='bbox 1214 2473 1246 2527; x_wconf 85' lang='lat' dir='ltr'><strong>in</strong></span> <span class='ocrx_word' id='word_1_186' title='bbox 1272 2488 1333 2528; x_wconf 77' lang='lat' dir='ltr'><strong>arm</strong></span> <span class='ocrx_word' id='word_1_187' title='bbox 1354 2471 1427 2528; x_wconf 82' lang='lat' dir='ltr'><strong>diem</strong></span> <span class='ocrx_word' id='word_1_188' title='bbox 1448 2468 1570 2528; x_wconf 81' lang='lat' dir='ltr'><strong>collatae</strong></span> <span class='ocrx_word' id='word_1_189' title='bbox 1596 2473 1667 2540; x_wconf 80' lang='lat' dir='ltr'><strong>sint,</strong></span> 
     </span>
    </p>
   </div>
   <div class='ocr_carea' id='block_1_7' title="bbox 324 2571 1752 2650">
    <p class='ocr_par' dir='ltr' id='par_1_7' title="bbox 324 2571 1752 2650">
     <span class='ocr_line' id='line_1_21' title="bbox 324 2571 1752 2650; baseline -0.001 -18"><span class='ocrx_word' id='word_1_190' title='bbox 324 2593 380 2650; x_wconf 84' lang='lat' dir='ltr'><strong>qao</strong></span> <span class='ocrx_word' id='word_1_191' title='bbox 402 2577 428 2632; x_wconf 84' lang='lat' dir='ltr'><strong>ie</strong></span> <span class='ocrx_word' id='word_1_192' title='bbox 451 2592 482 2631; x_wconf 89' lang='lat' dir='ltr'><strong>eo</strong></span> <span class='ocrx_word' id='word_1_193' title='bbox 506 2575 551 2632; x_wconf 85' lang='lat' dir='ltr'><strong>die</strong></span> <span class='ocrx_word' id='word_1_194' title='bbox 572 2577 664 2632; x_wconf 78' lang='lat' dir='ltr'><strong>minue</strong></span> <span class='ocrx_word' id='word_1_195' title='bbox 686 2574 726 2632; x_wconf 82' lang='lat' dir='ltr'><strong>ibi</strong></span> <span class='ocrx_word' id='word_1_196' title='bbox 747 2581 832 2644; x_wconf 78' lang='lat' dir='ltr'><strong>earet,</strong></span> <span class='ocrx_word' id='word_1_197' title='bbox 854 2571 968 2630; x_wconf 81' lang='lat' dir='ltr'><strong>ntorbvs</strong></span> <span class='ocrx_word' id='word_1_198' title='bbox 990 2575 1131 2642; x_wconf 78' lang='lat' dir='ltr'><strong>sonticas,</strong></span> <span class='ocrx_word' id='word_1_199' title='bbox 1153 2575 1346 2648; x_wconf 79' lang='lat' dir='ltr'><strong>auspiciumve</strong></span> <span class='ocrx_word' id='word_1_200' title='bbox 1366 2573 1445 2649; x_wconf 83' lang='lat' dir='ltr'><strong>qaod</strong></span> <span class='ocrx_word' id='word_1_201' title='bbox 1464 2575 1526 2630; x_wconf 83' lang='lat' dir='ltr'><strong>eine</strong></span> <span class='ocrx_word' id='word_1_202' title='bbox 1543 2573 1667 2647; x_wconf 82' lang='lat' dir='ltr'><strong>piaculo</strong></span> <span class='ocrx_word' id='word_1_203' title='bbox 1751 2641 1752 2646; x_wconf 41' lang='lat'><strong>.</strong></span> 
     </span>
    </p>
   </div>
   <div class='ocr_carea' id='block_1_8' title="bbox 320 2675 1752 3164">
    <p class='ocr_par' dir='ltr' id='par_1_8' title="bbox 320 2675 1752 3164">
     <span class='ocr_line' id='line_1_22' title="bbox 320 2675 1668 2753; baseline -0.002 -19"><span class='ocrx_word' id='word_1_204' title='bbox 320 2679 482 2753; x_wconf 81' lang='lat' dir='ltr'><strong>praeterire</strong></span> <span class='ocrx_word' id='word_1_205' title='bbox 507 2693 563 2734; x_wconf 86' lang='lat' dir='ltr'><strong>non</strong></span> <span class='ocrx_word' id='word_1_206' title='bbox 589 2675 688 2748; x_wconf 83' lang='lat' dir='ltr'><strong>liceat,</strong></span> <span class='ocrx_word' id='word_1_207' title='bbox 716 2676 921 2752; x_wconf 68' lang='lat' dir='ltr'><strong>eamficivmve</strong></span> <span class='ocrx_word' id='word_1_208' title='bbox 943 2677 1185 2744; x_wconf 61' lang='lat' dir='ltr'><strong>annivesariam,</strong></span> <span class='ocrx_word' id='word_1_209' title='bbox 1212 2675 1291 2751; x_wconf 84' lang='lat' dir='ltr'><strong>quod</strong></span> <span class='ocrx_word' id='word_1_210' title='bbox 1310 2685 1382 2734; x_wconf 88' lang='lat' dir='ltr'><strong>recte</strong></span> <span class='ocrx_word' id='word_1_211' title='bbox 1397 2675 1464 2751; x_wconf 80' lang='lat' dir='ltr'><strong>fieri</strong></span> <span class='ocrx_word' id='word_1_212' title='bbox 1483 2692 1541 2733; x_wconf 85' lang='lat' dir='ltr'><strong>non</strong></span> <span class='ocrx_word' id='word_1_213' title='bbox 1559 2678 1668 2750; x_wconf 79' lang='lat' dir='ltr'><strong>poerit,</strong></span> 
     </span>
     <span class='ocr_line' id='line_1_23' title="bbox 324 2777 1669 2854; baseline -0.002 -17"><span class='ocrx_word' id='word_1_214' title='bbox 324 2782 383 2838; x_wconf 84' lang='lat' dir='ltr'><strong>niet</strong></span> <span class='ocrx_word' id='word_1_215' title='bbox 409 2781 490 2854; x_wconf 81' lang='lat' dir='ltr'><strong>ipsae</strong></span> <span class='ocrx_word' id='word_1_216' title='bbox 513 2796 544 2836; x_wconf 94' lang='lat' dir='ltr'><strong>eo</strong></span> <span class='ocrx_word' id='word_1_217' title='bbox 567 2779 612 2836; x_wconf 84' lang='lat' dir='ltr'><strong>die</strong></span> <span class='ocrx_word' id='word_1_218' title='bbox 633 2779 674 2837; x_wconf 84' lang='lat' dir='ltr'><strong>ibi</strong></span> <span class='ocrx_word' id='word_1_219' title='bbox 695 2781 745 2850; x_wconf 85' lang='lat' dir='ltr'><strong>eit,</strong></span> <span class='ocrx_word' id='word_1_220' title='bbox 772 2780 816 2846; x_wconf 78' lang='lat' dir='ltr'><strong>oie</strong></span> <span class='ocrx_word' id='word_1_221' title='bbox 838 2777 977 2848; x_wconf 72' lang='lat' dir='ltr'><strong>testesve,</strong></span> <span class='ocrx_word' id='word_1_222' title='bbox 1005 2787 1096 2835; x_wconf 78' lang='lat' dir='ltr'><strong>statvs</strong></span> <span class='ocrx_word' id='word_1_223' title='bbox 1118 2777 1297 2836; x_wconf 76' lang='lat' dir='ltr'><strong>condictusve</strong></span> <span class='ocrx_word' id='word_1_224' title='bbox 1319 2778 1378 2836; x_wconf 81' lang='lat' dir='ltr'><strong>dies</strong></span> <span class='ocrx_word' id='word_1_225' title='bbox 1400 2795 1461 2834; x_wconf 84' lang='lat' dir='ltr'><strong>cam</strong></span> <span class='ocrx_word' id='word_1_226' title='bbox 1482 2777 1569 2835; x_wconf 75' lang='lat' dir='ltr'><strong>docte.</strong></span> <span class='ocrx_word' id='word_1_227' title='bbox 1613 2777 1669 2834; x_wconf 82' lang='lat' dir='ltr'><strong>Ad</strong></span> 
     </span>
     <span class='ocr_line' id='line_1_24' title="bbox 327 2871 1752 2959; baseline -0.001 -20"><span class='ocrx_word' id='word_1_228' title='bbox 327 2881 449 2959; x_wconf 83' lang='lat' dir='ltr'><strong>singula</strong></span> <span class='ocrx_word' id='word_1_229' title='bbox 470 2880 552 2956; x_wconf 94' lang='lat' dir='ltr'><strong>quod</strong></span> <span class='ocrx_word' id='word_1_230' title='bbox 575 2879 696 2952; x_wconf 87' lang='lat' dir='ltr'><strong>attinet,</strong></span> <span class='ocrx_word' id='word_1_231' title='bbox 725 2879 762 2938; x_wconf 91' lang='lat' dir='ltr'><strong>de</strong></span> <span class='ocrx_word' id='word_1_232' title='bbox 783 2879 887 2938; x_wconf 90' lang='lat' dir='ltr'><strong>morbo</strong></span> <span class='ocrx_word' id='word_1_233' title='bbox 909 2877 1027 2938; x_wconf 87' lang='lat' dir='ltr'><strong>sontico</strong></span> <span class='ocrx_word' id='word_1_234' title='bbox 1049 2878 1238 2956; x_wconf 86' lang='lat' dir='ltr'><strong>exploratum</strong></span> <span class='ocrx_word' id='word_1_235' title='bbox 1261 2888 1317 2938; x_wconf 86' lang='lat' dir='ltr'><strong>est.</strong></span> <span class='ocrx_word' id='word_1_236' title='bbox 1360 2879 1572 2938; x_wconf 88' lang='lat' dir='ltr'><strong>Vadimonium</strong></span> <span class='ocrx_word' id='word_1_237' title='bbox 1595 2897 1669 2938; x_wconf 87' lang='lat' dir='ltr'><strong>con·</strong></span> <span class='ocrx_word' id='word_1_238' title='bbox 1751 2871 1752 2898; x_wconf 61' lang='lat'>¹</span> 
     </span>
     <span class='ocr_line' id='line_1_25' title="bbox 326 2980 1668 3060; baseline -0.001 -18"><span class='ocrx_word' id='word_1_239' title='bbox 326 2984 459 3042; x_wconf 89' lang='lat' dir='ltr'><strong>iunctum</strong></span> <span class='ocrx_word' id='word_1_240' title='bbox 486 2989 534 3042; x_wconf 91' lang='lat' dir='ltr'><strong>est</strong></span> <span class='ocrx_word' id='word_1_241' title='bbox 560 3000 627 3040; x_wconf 88' lang='lat' dir='ltr'><strong>cum</strong></span> <span class='ocrx_word' id='word_1_242' title='bbox 653 3000 689 3042; x_wconf 86' lang='lat' dir='ltr'><strong>eo</strong></span> <span class='ocrx_word' id='word_1_243' title='bbox 712 2982 816 3059; x_wconf 90' lang='lat' dir='ltr'><strong>quiin</strong></span> <span class='ocrx_word' id='word_1_244' title='bbox 837 2980 903 3040; x_wconf 85' lang='lat' dir='ltr'><strong>XII</strong></span> <span class='ocrx_word' id='word_1_245' title='bbox 925 2981 1037 3041; x_wconf 87' lang='lat' dir='ltr'><strong>tabulis</strong></span> <span class='ocrx_word' id='word_1_246' title='bbox 1060 2990 1090 3040; x_wconf 93' lang='lat' dir='ltr'><strong>et</strong></span> <span class='ocrx_word' id='word_1_247' title='bbox 1109 2981 1278 3042; x_wconf 89' lang='lat' dir='ltr'><strong>iuramento</strong></span> <span class='ocrx_word' id='word_1_248' title='bbox 1300 2981 1423 3040; x_wconf 87' lang='lat' dir='ltr'><strong>militari</strong></span> <span class='ocrx_word' id='word_1_249' title='bbox 1443 2983 1566 3060; x_wconf 89' lang='lat' dir='ltr'><strong>ponitur</strong></span> <span class='ocrx_word' id='word_1_250' title='bbox 1589 2991 1668 3040; x_wconf 76' lang='lat' dir='ltr'><strong>stato</strong></span> 
     </span>
     <span class='ocr_line' id='line_1_26' title="bbox 328 3083 1752 3164; baseline -0.003 -18"><span class='ocrx_word' id='word_1_251' title='bbox 328 3089 373 3146; x_wconf 86' lang='lat' dir='ltr'><strong>die</strong></span> <span class='ocrx_word' id='word_1_252' title='bbox 394 3104 456 3144; x_wconf 83' lang='lat' dir='ltr'><strong>carn</strong></span> <span class='ocrx_word' id='word_1_253' title='bbox 477 3084 567 3156; x_wconf 61' lang='lat' dir='ltr'><strong>tosta</strong></span> <span class='ocrx_word' id='word_1_254' title='bbox 595 3102 664 3142; x_wconf 89' lang='lat' dir='ltr'><strong>nam</strong></span> <span class='ocrx_word' id='word_1_255' title='bbox 686 3092 783 3164; x_wconf 80' lang='lat' dir='ltr'><strong>status</strong></span> <span class='ocrx_word' id='word_1_256' title='bbox 805 3083 871 3143; x_wconf 90' lang='lat' dir='ltr'><strong>dies</strong></span> <span class='ocrx_word' id='word_1_257' title='bbox 893 3101 961 3142; x_wconf 88' lang='lat' dir='ltr'><strong>cum</strong></span> <span class='ocrx_word' id='word_1_258' title='bbox 982 3083 1084 3157; x_wconf 80' lang='lat' dir='ltr'><strong>hoste,</strong></span> <span class='ocrx_word' id='word_1_259' title='bbox 1110 3084 1137 3142; x_wconf 92' lang='lat' dir='ltr'><strong>si</strong></span> <span class='ocrx_word' id='word_1_260' title='bbox 1159 3084 1231 3160; x_wconf 91' lang='lat' dir='ltr'><strong>quid</strong></span> <span class='ocrx_word' id='word_1_261' title='bbox 1253 3083 1356 3156; x_wconf 86' lang='lat' dir='ltr'><strong>video,</strong></span> <span class='ocrx_word' id='word_1_262' title='bbox 1378 3084 1477 3159; x_wconf 89' lang='lat' dir='ltr'><strong>ipsum</strong></span> <span class='ocrx_word' id='word_1_263' title='bbox 1507 3091 1555 3144; x_wconf 89' lang='lat' dir='ltr'><strong>est</strong></span> <span class='ocrx_word' id='word_1_264' title='bbox 1582 3085 1669 3143; x_wconf 85' lang='lat' dir='ltr'><strong>vadi·</strong></span> <span class='ocrx_word' id='word_1_265' title='bbox 1751 3097 1752 3156; x_wconf 69' lang='grc' dir='ltr'>ζ</span> 
     </span>
    </p>
   </div>
   <div class='ocr_carea' id='block_1_9' title="bbox 327 3185 1752 3368">
    <p class='ocr_par' dir='ltr' id='par_1_9' title="bbox 327 3185 1752 3368">
     <span class='ocr_line' id='line_1_27' title="bbox 327 3185 1752 3264; baseline -0.002 -16"><span class='ocrx_word' id='word_1_266' title='bbox 327 3188 462 3248; x_wconf 89' lang='lat' dir='ltr'><strong>monium</strong></span> <span class='ocrx_word' id='word_1_267' title='bbox 490 3187 601 3246; x_wconf 85' lang='lat' dir='ltr'><strong>iactum</strong></span> <span class='ocrx_word' id='word_1_268' title='bbox 630 3205 696 3244; x_wconf 89' lang='lat' dir='ltr'><strong>cum</strong></span> <span class='ocrx_word' id='word_1_269' title='bbox 725 3186 894 3264; x_wconf 81' lang='lat' dir='ltr'><strong>peregrino.</strong></span> <span class='ocrx_word' id='word_1_270' title='bbox 942 3185 1090 3246; x_wconf 92' lang='lat' dir='ltr'><strong>Iudicium</strong></span> <span class='ocrx_word' id='word_1_271' title='bbox 1122 3205 1141 3244; x_wconf 90' lang='lat' dir='ltr'><strong>a</strong></span> <span class='ocrx_word' id='word_1_272' title='bbox 1169 3187 1337 3246; x_wconf 87' lang='lat' dir='ltr'><strong>iuramento</strong></span> <span class='ocrx_word' id='word_1_273' title='bbox 1365 3187 1451 3246; x_wconf 86' lang='lat' dir='ltr'><strong>abest</strong></span> <span class='ocrx_word' id='word_1_274' title='bbox 1478 3189 1544 3246; x_wconf 86' lang='lat' dir='ltr'><strong>sine</strong></span> <span class='ocrx_word' id='word_1_275' title='bbox 1572 3186 1668 3246; x_wconf 90' lang='lat' dir='ltr'><strong>dubio</strong></span> <span class='ocrx_word' id='word_1_276' title='bbox 1751 3225 1752 3230; x_wconf 22' lang='grc' dir='ltr'><strong><em>κ</em></strong></span> 
     </span>
     <span class='ocr_line' id='line_1_28' title="bbox 327 3287 1752 3368; baseline -0.001 -20"><span class='ocrx_word' id='word_1_277' title='bbox 327 3298 487 3368; x_wconf 85' lang='lat' dir='ltr'><strong>propterea</strong></span> <span class='ocrx_word' id='word_1_278' title='bbox 514 3289 595 3366; x_wconf 93' lang='lat' dir='ltr'><strong>quod</strong></span> <span class='ocrx_word' id='word_1_279' title='bbox 621 3306 657 3347; x_wconf 89' lang='lat' dir='ltr'><strong>eo</strong></span> <span class='ocrx_word' id='word_1_280' title='bbox 686 3287 806 3347; x_wconf 89' lang='lat' dir='ltr'><strong>nomine</strong></span> <span class='ocrx_word' id='word_1_281' title='bbox 834 3287 920 3347; x_wconf 90' lang='lat' dir='ltr'><strong>miles</strong></span> <span class='ocrx_word' id='word_1_282' title='bbox 949 3289 1029 3364; x_wconf 89' lang='lat' dir='ltr'><strong>apud</strong></span> <span class='ocrx_word' id='word_1_283' title='bbox 1056 3287 1182 3348; x_wconf 90' lang='lat' dir='ltr'><strong>iudicem</strong></span> <span class='ocrx_word' id='word_1_284' title='bbox 1209 3300 1386 3362; x_wconf 84' lang='lat' dir='ltr'><strong>excusatur,</strong></span> <span class='ocrx_word' id='word_1_285' title='bbox 1415 3307 1476 3348; x_wconf 91' lang='lat' dir='ltr'><strong>non</strong></span> <span class='ocrx_word' id='word_1_286' title='bbox 1504 3298 1670 3349; x_wconf 83' lang='lat' dir='ltr'><strong>excusatur</strong></span> <span class='ocrx_word' id='word_1_287' title='bbox 1751 3327 1752 3340; x_wconf 70' lang='lat'><strong>.</strong></span> 
     </span>
    </p>
   </div>
   <div class='ocr_carea' id='block_1_10' title="bbox 327 3389 1752 3981">
    <p class='ocr_par' dir='ltr' id='par_1_10' title="bbox 327 3369 1752 3981">
     <span class='ocr_line' id='line_1_29' title="bbox 327 3389 1669 3470; baseline -0.001 -19"><span class='ocrx_word' id='word_1_288' title='bbox 327 3391 407 3470; x_wconf 88' lang='lat' dir='ltr'><strong>apud</strong></span> <span class='ocrx_word' id='word_1_289' title='bbox 429 3392 544 3452; x_wconf 89' lang='lat' dir='ltr'><strong>ducem.</strong></span> <span class='ocrx_word' id='word_1_290' title='bbox 582 3389 780 3462; x_wconf 86' lang='lat' dir='ltr'><strong>Sacrificium,</strong></span> <span class='ocrx_word' id='word_1_291' title='bbox 802 3389 892 3449; x_wconf 83' lang='lat' dir='ltr'><strong>sunus</strong></span> <span class='ocrx_word' id='word_1_292' title='bbox 911 3389 1068 3464; x_wconf 86' lang='lat' dir='ltr'><strong>familiare,</strong></span> <span class='ocrx_word' id='word_1_293' title='bbox 1091 3391 1184 3452; x_wconf 84' lang='lat' dir='ltr'><strong>feriae</strong></span> <span class='ocrx_word' id='word_1_294' title='bbox 1207 3391 1358 3452; x_wconf 87' lang='lat' dir='ltr'><strong>denicalas</strong></span> <span class='ocrx_word' id='word_1_295' title='bbox 1379 3392 1507 3450; x_wconf 86' lang='lat' dir='ltr'><strong>redeant</strong></span> <span class='ocrx_word' id='word_1_296' title='bbox 1527 3392 1559 3450; x_wconf 93' lang='lat' dir='ltr'><strong>in</strong></span> <span class='ocrx_word' id='word_1_297' title='bbox 1578 3391 1669 3449; x_wconf 89' lang='lat' dir='ltr'><strong>iuris-</strong></span> 
     </span>
     <span class='ocr_line' id='line_1_30' title="bbox 327 3491 1752 3572; baseline -0.003 -18"><span class='ocrx_word' id='word_1_298' title='bbox 327 3494 447 3554; x_wconf 90' lang='lat' dir='ltr'><strong>iurandi</strong></span> <span class='ocrx_word' id='word_1_299' title='bbox 474 3493 611 3553; x_wconf 80' lang='lat' dir='ltr'><strong>formula.</strong></span> <span class='ocrx_word' id='word_1_300' title='bbox 656 3491 793 3570; x_wconf 86' lang='lat' dir='ltr'><strong>Septima</strong></span> <span class='ocrx_word' id='word_1_301' title='bbox 818 3501 915 3552; x_wconf 89' lang='lat' dir='ltr'><strong>autem</strong></span> <span class='ocrx_word' id='word_1_302' title='bbox 943 3495 1100 3554; x_wconf 83' lang='lat' dir='ltr'><strong>excusatio</strong></span> <span class='ocrx_word' id='word_1_303' title='bbox 1126 3495 1249 3572; x_wconf 89' lang='lat' dir='ltr'><strong>propria</strong></span> <span class='ocrx_word' id='word_1_304' title='bbox 1274 3502 1322 3554; x_wconf 88' lang='lat' dir='ltr'><strong>est</strong></span> <span class='ocrx_word' id='word_1_305' title='bbox 1346 3493 1456 3554; x_wconf 89' lang='lat' dir='ltr'><strong>iudicio</strong></span> <span class='ocrx_word' id='word_1_306' title='bbox 1479 3493 1669 3570; x_wconf 86' lang='lat' dir='ltr'><strong>municipali,</strong></span> <span class='ocrx_word' id='word_1_307' title='bbox 1751 3513 1752 3572; x_wconf 70' lang='lat'>3</span> 
     </span>
     <span class='ocr_line' id='line_1_31' title="bbox 328 3595 1752 3675; baseline -0.001 -20"><span class='ocrx_word' id='word_1_308' title='bbox 328 3605 360 3655; x_wconf 90' lang='lat' dir='ltr'><strong>ut</strong></span> <span class='ocrx_word' id='word_1_309' title='bbox 382 3596 498 3656; x_wconf 89' lang='lat' dir='ltr'><strong>scilicet</strong></span> <span class='ocrx_word' id='word_1_310' title='bbox 518 3595 698 3673; x_wconf 84' lang='lat' dir='ltr'><strong>quicumque</strong></span> <span class='ocrx_word' id='word_1_311' title='bbox 719 3605 842 3673; x_wconf 90' lang='lat' dir='ltr'><strong>propter</strong></span> <span class='ocrx_word' id='word_1_312' title='bbox 863 3595 1072 3675; x_wconf 83' lang='lat' dir='ltr'><strong>magistratum</strong></span> <span class='ocrx_word' id='word_1_313' title='bbox 1095 3596 1245 3674; x_wconf 79' lang='lat' dir='ltr'><strong>pubIIcum</strong></span> <span class='ocrx_word' id='word_1_314' title='bbox 1268 3596 1372 3672; x_wconf 88' lang='lat' dir='ltr'><strong>populi</strong></span> <span class='ocrx_word' id='word_1_315' title='bbox 1389 3595 1516 3656; x_wconf 87' lang='lat' dir='ltr'><strong>Romani</strong></span> <span class='ocrx_word' id='word_1_316' title='bbox 1535 3595 1568 3654; x_wconf 88' lang='lat' dir='ltr'><strong>id</strong></span> <span class='ocrx_word' id='word_1_317' title='bbox 1583 3595 1669 3654; x_wconf 88' lang='lat' dir='ltr'><strong>obire</strong></span> <span class='ocrx_word' id='word_1_318' title='bbox 1751 3615 1752 3618; x_wconf 45' lang='lat'>¹</span> 
     </span>
     <span class='ocr_line' id='line_1_32' title="bbox 329 3696 1668 3776; baseline 0 -20"><span class='ocrx_word' id='word_1_319' title='bbox 329 3699 441 3776; x_wconf 89' lang='lat' dir='ltr'><strong>nequit,</strong></span> <span class='ocrx_word' id='word_1_320' title='bbox 465 3699 587 3776; x_wconf 82' lang='lat' dir='ltr'><strong>periodo</strong></span> <span class='ocrx_word' id='word_1_321' title='bbox 609 3707 778 3758; x_wconf 85' lang='lat' dir='ltr'><strong>excusetur.</strong></span> <span class='ocrx_word' id='word_1_322' title='bbox 802 3729 844 3742; x_wconf 89' lang='lat'>-</span> <span class='ocrx_word' id='word_1_323' title='bbox 870 3696 1009 3775; x_wconf 87' lang='lat' dir='ltr'><strong>Denique</strong></span> <span class='ocrx_word' id='word_1_324' title='bbox 1031 3717 1091 3758; x_wconf 90' lang='lat' dir='ltr'><strong>non</strong></span> <span class='ocrx_word' id='word_1_325' title='bbox 1113 3697 1309 3768; x_wconf 84' lang='lat' dir='ltr'><strong>omittendum</strong></span> <span class='ocrx_word' id='word_1_326' title='bbox 1330 3708 1378 3757; x_wconf 89' lang='grc' dir='ltr'><strong>εει</strong></span> <span class='ocrx_word' id='word_1_327' title='bbox 1399 3697 1435 3756; x_wconf 89' lang='lat' dir='ltr'><strong>de</strong></span> <span class='ocrx_word' id='word_1_328' title='bbox 1457 3699 1505 3756; x_wconf 87' lang='lat' dir='ltr'><strong>his</strong></span> <span class='ocrx_word' id='word_1_329' title='bbox 1525 3697 1668 3776; x_wconf 82' lang='lat' dir='ltr'><strong>petitoris</strong></span> 
     </span>
     <span class='ocr_line' id='line_1_33' title="bbox 330 3797 1752 3879; baseline 0 -19"><span class='ocrx_word' id='word_1_330' title='bbox 330 3801 584 3874; x_wconf 86' lang='lat' dir='ltr'><strong>excusationibus,</strong></span> <span class='ocrx_word' id='word_1_331' title='bbox 609 3812 689 3861; x_wconf 86' lang='lat' dir='ltr'><strong>corte</strong></span> <span class='ocrx_word' id='word_1_332' title='bbox 711 3802 762 3860; x_wconf 89' lang='lat' dir='ltr'><strong>ubi</strong></span> <span class='ocrx_word' id='word_1_333' title='bbox 783 3800 893 3877; x_wconf 86' lang='lat' dir='ltr'><strong>petitor</strong></span> <span class='ocrx_word' id='word_1_334' title='bbox 913 3800 1049 3878; x_wconf 84' lang='lat' dir='ltr'><strong>privatus</strong></span> <span class='ocrx_word' id='word_1_335' title='bbox 1072 3809 1128 3873; x_wconf 89' lang='lat' dir='ltr'><strong>est,</strong></span> <span class='ocrx_word' id='word_1_336' title='bbox 1150 3819 1210 3860; x_wconf 93' lang='lat' dir='ltr'><strong>non</strong></span> <span class='ocrx_word' id='word_1_337' title='bbox 1232 3810 1457 3878; x_wconf 85' lang='lat' dir='ltr'><strong>recuperatores</strong></span> <span class='ocrx_word' id='word_1_338' title='bbox 1472 3817 1668 3879; x_wconf 80' lang='lat' dir='ltr'><strong>cognoscere,</strong></span> <span class='ocrx_word' id='word_1_339' title='bbox 1751 3797 1752 3810; x_wconf 56' lang='lat'>¹</span> 
     </span>
     <span class='ocr_line' id='line_1_34' title="bbox 330 3881 1229 3981; baseline -0.003 -18"><span class='ocrx_word' id='word_1_340' title='bbox 330 3904 384 3963; x_wconf 90' lang='lat' dir='ltr'><strong>sed</strong></span> <span class='ocrx_word' id='word_1_341' title='bbox 405 3905 622 3981; x_wconf 80' lang='lat' dir='ltr'><strong>magistratum,</strong></span> <span class='ocrx_word' id='word_1_342' title='bbox 645 3881 726 3980; x_wconf 86' lang='lat' dir='ltr'><strong>apud</strong></span> <span class='ocrx_word' id='word_1_343' title='bbox 748 3921 837 3981; x_wconf 90' lang='lat' dir='ltr'><strong>quem</strong></span> <span class='ocrx_word' id='word_1_344' title='bbox 860 3921 896 3962; x_wconf 85' lang='lat' dir='ltr'><strong>ea</strong></span> <span class='ocrx_word' id='word_1_345' title='bbox 916 3921 965 3962; x_wconf 89' lang='lat' dir='ltr'><strong>res</strong></span> <span class='ocrx_word' id='word_1_346' title='bbox 987 3903 1085 3980; x_wconf 83' lang='lat' dir='ltr'><strong>agitur</strong></span> <span class='ocrx_word' id='word_1_347' title='bbox 1107 3902 1150 3979; x_wconf 79' lang='lat'><strong>(2,</strong></span> <span class='ocrx_word' id='word_1_348' title='bbox 1165 3901 1229 3980; x_wconf 87' lang='lat'>30).</span> 
     </span>
    </p>
   </div>
   <div class='ocr_carea' id='block_1_11' title="bbox 196 4003 1752 4084">
    <p class='ocr_par' dir='ltr' id='par_1_11' title="bbox 196 4003 1752 4084">
     <span class='ocr_line' id='line_1_35' title="bbox 196 4003 1752 4084; baseline -0.004 -14"><span class='ocrx_word' id='word_1_349' title='bbox 196 4021 314 4071; x_wconf 78' lang='lat' dir='ltr'><strong>Tertium</strong></span> <span class='ocrx_word' id='word_1_350' title='bbox 414 4007 483 4065; x_wconf 82' lang='lat' dir='ltr'><strong>Duo</strong></span> <span class='ocrx_word' id='word_1_351' title='bbox 497 4025 611 4084; x_wconf 74' lang='lat' dir='ltr'><strong>persero,</strong></span> <span class='ocrx_word' id='word_1_352' title='bbox 634 4003 877 4082; x_wconf 71' lang='lat' dir='ltr'><strong>Quintilianusi)</strong></span> <span class='ocrx_word' id='word_1_353' title='bbox 893 4005 944 4078; x_wconf 89' lang='lat' dir='ltr'><strong>ait,</strong></span> <span class='ocrx_word' id='word_1_354' title='bbox 966 4017 1032 4065; x_wconf 82' lang='lat' dir='ltr'><strong>aaut</strong></span> <span class='ocrx_word' id='word_1_355' title='bbox 1046 4009 1167 4076; x_wconf 80' lang='lat' dir='ltr'><strong>tertiam,</strong></span> <span class='ocrx_word' id='word_1_356' title='bbox 1189 4017 1241 4066; x_wconf 85' lang='lat' dir='ltr'><strong>aut</strong></span> <span class='ocrx_word' id='word_1_357' title='bbox 1253 4003 1479 4066; x_wconf 81' lang='lat' dir='ltr'><strong>voluntariorum</strong></span> <span class='ocrx_word' id='word_1_358' title='bbox 1495 4015 1548 4065; x_wconf 83' lang='lat' dir='ltr'><strong>aut</strong></span> <span class='ocrx_word' id='word_1_359' title='bbox 1562 4025 1666 4078; x_wconf 76' lang='lat' dir='ltr'><strong>emam,</strong></span> <span class='ocrx_word' id='word_1_360' title='bbox 1751 4029 1752 4044; x_wconf 69' lang='lat'><strong>.</strong></span> 
     </span>
    </p>
   </div>
   <div class='ocr_carea' id='block_1_12' title="bbox 206 4095 303 4144">
    <p class='ocr_par' dir='ltr' id='par_1_12' title="bbox 206 4095 303 4144">
     <span class='ocr_line' id='line_1_36' title="bbox 206 4095 303 4144; baseline 0 0"><span class='ocrx_word' id='word_1_361' title='bbox 206 4095 303 4144; x_wconf 89' lang='lat' dir='ltr'><strong>denun-</strong></span> 
     </span>
    </p>
   </div>
   <div class='ocr_carea' id='block_1_13' title="bbox 221 4169 294 4219">
    <p class='ocr_par' dir='ltr' id='par_1_13' title="bbox 221 4169 294 4219">
     <span class='ocr_line' id='line_1_37' title="bbox 221 4169 294 4219; baseline 0.014 -2"><span class='ocrx_word' id='word_1_362' title='bbox 221 4169 294 4219; x_wconf 87' lang='lat' dir='ltr'><strong>tiatio</strong></span> 
     </span>
    </p>
   </div>
   <div class='ocr_carea' id='block_1_14' title="bbox 332 4107 1668 4188">
    <p class='ocr_par' dir='ltr' id='par_1_14' title="bbox 332 4107 1668 4188">
     <span class='ocr_line' id='line_1_38' title="bbox 332 4107 1668 4188; baseline 0.001 -21"><span class='ocrx_word' id='word_1_363' title='bbox 332 4109 435 4188; x_wconf 79' lang='lat' dir='ltr'><strong>quibas</strong></span> <span class='ocrx_word' id='word_1_364' title='bbox 460 4114 492 4168; x_wconf 87' lang='lat' dir='ltr'><strong>in</strong></span> <span class='ocrx_word' id='word_1_365' title='bbox 518 4111 632 4170; x_wconf 79' lang='lat' dir='ltr'><strong>iudiciis</strong></span> <span class='ocrx_word' id='word_1_366' title='bbox 659 4108 783 4185; x_wconf 78' lang='lat' dir='ltr'><strong>publicis</strong></span> <span class='ocrx_word' id='word_1_367' title='bbox 810 4107 870 4185; x_wconf 74' lang='lat' dir='ltr'><strong>Iope</strong></span> <span class='ocrx_word' id='word_1_368' title='bbox 896 4109 1061 4168; x_wconf 71' lang='lat' dir='ltr'><strong>denuntiari</strong></span> <span class='ocrx_word' id='word_1_369' title='bbox 1085 4108 1171 4180; x_wconf 69' lang='lat' dir='ltr'><strong>aolotr</strong></span> <span class='ocrx_word' id='word_1_370' title='bbox 1196 4127 1318 4186; x_wconf 83' lang='lat' dir='ltr'><strong>qaorum</strong></span> <span class='ocrx_word' id='word_1_371' title='bbox 1338 4110 1430 4169; x_wconf 82' lang='lat' dir='ltr'><strong>attero</strong></span> <span class='ocrx_word' id='word_1_372' title='bbox 1449 4127 1523 4186; x_wconf 83' lang='lat' dir='ltr'><strong>pore</strong></span> <span class='ocrx_word' id='word_1_373' title='bbox 1545 4119 1668 4188; x_wconf 83' lang='lat' dir='ltr'><strong>utroque</strong></span> 
     </span>
    </p>
   </div>
   <div class='ocr_carea' id='block_1_15' title="bbox 331 4295 535 4307">
    <p class='ocr_par' dir='ltr' id='par_1_15' title="bbox 331 4295 535 4307">
     <span class='ocr_line' id='line_1_39' title="bbox 331 4295 535 4307; baseline 0 -1"><span class='ocrx_word' id='word_1_374' title='bbox 331 4295 535 4307; x_wconf 74' lang='lat' dir='ltr'><strong>-n—-n-—n</strong></span> 
     </span>
    </p>
   </div>
   <div class='ocr_carea' id='block_1_16' title="bbox 331 4437 1752 5426">
    <p class='ocr_par' dir='ltr' id='par_1_16' title="bbox 331 4437 1752 5060">
     <span class='ocr_line' id='line_1_40' title="bbox 408 4437 1667 4505; baseline -0.001 -16"><span class='ocrx_word' id='word_1_375' title='bbox 408 4437 432 4500; x_wconf 81' lang='grc'><strong>1)</strong></span> <span class='ocrx_word' id='word_1_376' title='bbox 460 4438 530 4489; x_wconf 88' lang='lat' dir='ltr'><strong>Nam</strong></span> <span class='ocrx_word' id='word_1_377' title='bbox 553 4438 758 4504; x_wconf 85' lang='lat' dir='ltr'><strong>supplementum</strong></span> <span class='ocrx_word' id='word_1_378' title='bbox 783 4437 854 4504; x_wconf 89' lang='lat' dir='ltr'><strong>quod</strong></span> <span class='ocrx_word' id='word_1_379' title='bbox 879 4437 1005 4505; x_wconf 87' lang='lat' dir='ltr'><strong>adscripsi</strong></span> <span class='ocrx_word' id='word_1_380' title='bbox 1028 4439 1063 4490; x_wconf 88' lang='lat' dir='ltr'><strong>ad</strong></span> <span class='ocrx_word' id='word_1_381' title='bbox 1082 4441 1112 4502; x_wconf 78' lang='lat'><strong>2,</strong></span> <span class='ocrx_word' id='word_1_382' title='bbox 1129 4442 1177 4502; x_wconf 83' lang='lat'><strong>21,</strong></span> <span class='ocrx_word' id='word_1_383' title='bbox 1203 4445 1354 4504; x_wconf 83' lang='lat' dir='ltr'><strong>argumento</strong></span> <span class='ocrx_word' id='word_1_384' title='bbox 1374 4453 1391 4488; x_wconf 85' lang='lat' dir='ltr'><strong>a</strong></span> <span class='ocrx_word' id='word_1_385' title='bbox 1409 4439 1541 4489; x_wconf 88' lang='lat' dir='ltr'><strong>contrario</strong></span> <span class='ocrx_word' id='word_1_386' title='bbox 1562 4439 1667 4490; x_wconf 86' lang='lat' dir='ltr'><strong>omnino</strong></span> 
     </span>
     <span class='ocr_line' id='line_1_41' title="bbox 331 4529 1666 4598; baseline 0.001 -17"><span class='ocrx_word' id='word_1_387' title='bbox 331 4531 478 4597; x_wconf 89' lang='lat' dir='ltr'><strong>requiritur.</strong></span> <span class='ocrx_word' id='word_1_388' title='bbox 517 4531 603 4581; x_wconf 82' lang='lat' dir='ltr'><strong>IIviro</strong></span> <span class='ocrx_word' id='word_1_389' title='bbox 627 4529 734 4581; x_wconf 85' lang='lat' dir='ltr'><strong>absente</strong></span> <span class='ocrx_word' id='word_1_390' title='bbox 757 4547 789 4581; x_wconf 87' lang='lat' dir='ltr'><strong>ex</strong></span> <span class='ocrx_word' id='word_1_391' title='bbox 815 4533 882 4582; x_wconf 80' lang='lat' dir='ltr'><strong>iusta</strong></span> <span class='ocrx_word' id='word_1_392' title='bbox 906 4546 984 4582; x_wconf 86' lang='lat' dir='ltr'><strong>causa</strong></span> <span class='ocrx_word' id='word_1_393' title='bbox 1006 4547 1064 4582; x_wconf 89' lang='lat' dir='ltr'><strong>cum</strong></span> <span class='ocrx_word' id='word_1_394' title='bbox 1086 4547 1127 4582; x_wconf 88' lang='lat' dir='ltr'><strong>res</strong></span> <span class='ocrx_word' id='word_1_395' title='bbox 1151 4533 1254 4598; x_wconf 78' lang='lat' dir='ltr'><strong>integra</strong></span> <span class='ocrx_word' id='word_1_396' title='bbox 1275 4533 1303 4584; x_wconf 88' lang='lat' dir='ltr'><strong>in</strong></span> <span class='ocrx_word' id='word_1_397' title='bbox 1326 4532 1405 4582; x_wconf 85' lang='lat' dir='ltr'><strong>aliam</strong></span> <span class='ocrx_word' id='word_1_398' title='bbox 1424 4533 1494 4582; x_wconf 87' lang='lat' dir='ltr'><strong>diem</strong></span> <span class='ocrx_word' id='word_1_399' title='bbox 1511 4539 1666 4593; x_wconf 86' lang='lat' dir='ltr'><strong>reservetur,</strong></span> 
     </span>
     <span class='ocr_line' id='line_1_42' title="bbox 333 4605 1752 4690; baseline 0 -16"><span class='ocrx_word' id='word_1_400' title='bbox 333 4625 378 4676; x_wconf 91' lang='lat' dir='ltr'><strong>ubi</strong></span> <span class='ocrx_word' id='word_1_401' title='bbox 397 4625 470 4674; x_wconf 85' lang='lat' dir='ltr'><strong>abest</strong></span> <span class='ocrx_word' id='word_1_402' title='bbox 488 4637 521 4672; x_wconf 86' lang='lat' dir='ltr'><strong>ex</strong></span> <span class='ocrx_word' id='word_1_403' title='bbox 541 4635 619 4672; x_wconf 82' lang='lat' dir='ltr'><strong>causa</strong></span> <span class='ocrx_word' id='word_1_404' title='bbox 637 4637 689 4672; x_wconf 91' lang='lat' dir='ltr'><strong>nou</strong></span> <span class='ocrx_word' id='word_1_405' title='bbox 708 4623 783 4684; x_wconf 86' lang='lat' dir='ltr'><strong>iusta,</strong></span> <span class='ocrx_word' id='word_1_406' title='bbox 803 4637 844 4672; x_wconf 90' lang='lat' dir='ltr'><strong>res</strong></span> <span class='ocrx_word' id='word_1_407' title='bbox 863 4623 969 4674; x_wconf 85' lang='lat' dir='ltr'><strong>absente</strong></span> <span class='ocrx_word' id='word_1_408' title='bbox 988 4639 1020 4674; x_wconf 85' lang='lat' dir='ltr'><strong>eo</strong></span> <span class='ocrx_word' id='word_1_409' title='bbox 1038 4632 1142 4690; x_wconf 83' lang='lat' dir='ltr'><strong>peracta</strong></span> <span class='ocrx_word' id='word_1_410' title='bbox 1155 4627 1188 4674; x_wconf 89' lang='lat' dir='ltr'><strong>sit</strong></span> <span class='ocrx_word' id='word_1_411' title='bbox 1202 4639 1306 4676; x_wconf 87' lang='lat' dir='ltr'><strong>necesse</strong></span> <span class='ocrx_word' id='word_1_412' title='bbox 1320 4631 1366 4674; x_wconf 88' lang='grc' dir='ltr'><strong>εει.</strong></span> <span class='ocrx_word' id='word_1_413' title='bbox 1395 4625 1564 4675; x_wconf 84' lang='lat' dir='ltr'><strong>Oaussenim</strong></span> <span class='ocrx_word' id='word_1_414' title='bbox 1578 4625 1666 4676; x_wconf 81' lang='lat' dir='ltr'><strong>cadere</strong></span> <span class='ocrx_word' id='word_1_415' title='bbox 1751 4605 1752 4608; x_wconf 9' lang='grc' dir='ltr'><strong>Ἴ</strong></span> 
     </span>
     <span class='ocr_line' id='line_1_43' title="bbox 332 4707 1664 4784; baseline -0.001 -18"><span class='ocrx_word' id='word_1_416' title='bbox 332 4732 390 4765; x_wconf 91' lang='lat' dir='ltr'><strong>eum</strong></span> <span class='ocrx_word' id='word_1_417' title='bbox 409 4731 462 4766; x_wconf 91' lang='lat' dir='ltr'><strong>non</strong></span> <span class='ocrx_word' id='word_1_418' title='bbox 482 4723 521 4764; x_wconf 87' lang='lat' dir='ltr'><strong>est</strong></span> <span class='ocrx_word' id='word_1_419' title='bbox 539 4715 687 4778; x_wconf 88' lang='lat' dir='ltr'><strong>probabito;</strong></span> <span class='ocrx_word' id='word_1_420' title='bbox 707 4729 767 4762; x_wconf 88' lang='lat' dir='ltr'><strong>narn</strong></span> <span class='ocrx_word' id='word_1_421' title='bbox 786 4707 838 4763; x_wconf 90' lang='lat' dir='ltr'><strong>hoc</strong></span> <span class='ocrx_word' id='word_1_422' title='bbox 855 4715 940 4778; x_wconf 89' lang='lat' dir='ltr'><strong>posito</strong></span> <span class='ocrx_word' id='word_1_423' title='bbox 959 4715 1026 4766; x_wconf 91' lang='lat' dir='ltr'><strong>nihil</strong></span> <span class='ocrx_word' id='word_1_424' title='bbox 1045 4717 1181 4767; x_wconf 89' lang='lat' dir='ltr'><strong>interesset</strong></span> <span class='ocrx_word' id='word_1_425' title='bbox 1198 4717 1265 4766; x_wconf 88' lang='lat' dir='ltr'><strong>inter</strong></span> <span class='ocrx_word' id='word_1_426' title='bbox 1282 4717 1460 4782; x_wconf 74' lang='lat' dir='ltr'><strong>magistratum</strong></span> <span class='ocrx_word' id='word_1_427' title='bbox 1478 4717 1664 4784; x_wconf 78' lang='lat' dir='ltr'><strong>privatumque,</strong></span> 
     </span>
     <span class='ocr_line' id='line_1_44' title="bbox 332 4805 1664 4874; baseline 0 -16"><span class='ocrx_word' id='word_1_428' title='bbox 332 4824 397 4874; x_wconf 90' lang='lat' dir='ltr'><strong>quos</strong></span> <span class='ocrx_word' id='word_1_429' title='bbox 421 4816 509 4857; x_wconf 87' lang='lat' dir='ltr'><strong>tamen</strong></span> <span class='ocrx_word' id='word_1_430' title='bbox 527 4808 570 4857; x_wconf 88' lang='lat' dir='ltr'><strong>Iex</strong></span> <span class='ocrx_word' id='word_1_431' title='bbox 590 4812 708 4857; x_wconf 86' lang='lat' dir='ltr'><strong>accurate</strong></span> <span class='ocrx_word' id='word_1_432' title='bbox 726 4806 869 4871; x_wconf 85' lang='lat' dir='ltr'><strong>distinguit.</strong></span> <span class='ocrx_word' id='word_1_433' title='bbox 907 4805 1027 4872; x_wconf 87' lang='lat' dir='ltr'><strong>Denique</strong></span> <span class='ocrx_word' id='word_1_434' title='bbox 1046 4808 1102 4858; x_wconf 85' lang='lat' dir='ltr'><strong>iuro</strong></span> <span class='ocrx_word' id='word_1_435' title='bbox 1121 4811 1251 4858; x_wconf 87' lang='lat' dir='ltr'><strong>communi</strong></span> <span class='ocrx_word' id='word_1_436' title='bbox 1271 4823 1330 4858; x_wconf 88' lang='lat' dir='ltr'><strong>oum</strong></span> <span class='ocrx_word' id='word_1_437' title='bbox 1348 4808 1445 4858; x_wconf 87' lang='lat' dir='ltr'><strong>iudicio</strong></span> <span class='ocrx_word' id='word_1_438' title='bbox 1464 4809 1606 4860; x_wconf 85' lang='lat' dir='ltr'><strong>constituto</strong></span> <span class='ocrx_word' id='word_1_439' title='bbox 1624 4823 1664 4874; x_wconf 86' lang='lat' dir='ltr'><strong>ps·</strong></span> 
     </span>
     <span class='ocr_line' id='line_1_45' title="bbox 332 4899 1664 4966; baseline 0 -16"><span class='ocrx_word' id='word_1_440' title='bbox 332 4902 393 4950; x_wconf 91' lang='lat' dir='ltr'><strong>titor</strong></span> <span class='ocrx_word' id='word_1_441' title='bbox 419 4899 505 4962; x_wconf 83' lang='lat' dir='ltr'><strong>abest,</strong></span> <span class='ocrx_word' id='word_1_442' title='bbox 530 4901 552 4950; x_wconf 88' lang='lat' dir='ltr'><strong>is</strong></span> <span class='ocrx_word' id='word_1_443' title='bbox 578 4905 664 4950; x_wconf 89' lang='lat' dir='ltr'><strong>autem</strong></span> <span class='ocrx_word' id='word_1_444' title='bbox 689 4913 800 4964; x_wconf 86' lang='lat' dir='ltr'><strong>quocum</strong></span> <span class='ocrx_word' id='word_1_445' title='bbox 825 4899 909 4964; x_wconf 77' lang='lat' dir='ltr'><strong>agitur</strong></span> <span class='ocrx_word' id='word_1_446' title='bbox 933 4899 1019 4961; x_wconf 86' lang='lat' dir='ltr'><strong>adest,</strong></span> <span class='ocrx_word' id='word_1_447' title='bbox 1045 4901 1172 4952; x_wconf 85' lang='lat' dir='ltr'><strong>iudicium</strong></span> <span class='ocrx_word' id='word_1_448' title='bbox 1189 4901 1321 4966; x_wconf 85' lang='lat' dir='ltr'><strong>perficitur</strong></span> <span class='ocrx_word' id='word_1_449' title='bbox 1344 4899 1420 4966; x_wconf 77' lang='lat' dir='ltr'><strong>(Dig.</strong></span> <span class='ocrx_word' id='word_1_450' title='bbox 1438 4901 1488 4964; x_wconf 83' lang='lat'><strong>40,</strong></span> <span class='ocrx_word' id='word_1_451' title='bbox 1510 4904 1558 4965; x_wconf 81' lang='lat' dir='ltr'><strong>ta,</strong></span> <span class='ocrx_word' id='word_1_452' title='bbox 1578 4903 1622 4964; x_wconf 78' lang='lat' dir='ltr'><strong>et,</strong></span> <span class='ocrx_word' id='word_1_453' title='bbox 1642 4904 1664 4952; x_wconf 87' lang='lat'><strong>1.</strong></span> 
     </span>
     <span class='ocr_line' id='line_1_46' title="bbox 332 4981 1468 5060; baseline 0.002 -17"><span class='ocrx_word' id='word_1_454' title='bbox 332 4991 709 5056; x_wconf 60' lang='lat' dir='ltr'><strong>caesarensem.</strong></span> <span class='ocrx_word' id='word_1_455' title='bbox 747 4991 837 5042; x_wconf 70' lang='lat' dir='ltr'><strong>uouer</strong></span> <span class='ocrx_word' id='word_1_456' title='bbox 859 4987 1157 5060; x_wconf 59' lang='lat' dir='ltr'><strong>autumnitanus).</strong></span> <span class='ocrx_word' id='word_1_457' title='bbox 1464 4981 1468 4990; x_wconf 91' lang='lat'>&#39;</span> 
     </span>
    </p>

    <p class='ocr_par' dir='ltr' id='par_1_17' title="bbox 331 5081 1663 5336">
     <span class='ocr_line' id='line_1_47' title="bbox 408 5081 1663 5152; baseline 0.001 -18"><span class='ocrx_word' id='word_1_458' title='bbox 408 5081 432 5147; x_wconf 78' lang='lat'><strong>²)</strong></span> <span class='ocrx_word' id='word_1_459' title='bbox 460 5083 566 5138; x_wconf 86' lang='lat' dir='ltr'><strong>Schoell</strong></span> <span class='ocrx_word' id='word_1_460' title='bbox 590 5083 646 5134; x_wconf 84' lang='lat' dir='ltr'><strong>XII</strong></span> <span class='ocrx_word' id='word_1_461' title='bbox 663 5083 734 5134; x_wconf 89' lang='lat' dir='ltr'><strong>tubb.</strong></span> <span class='ocrx_word' id='word_1_462' title='bbox 757 5099 784 5148; x_wconf 89' lang='lat' dir='ltr'><strong>p.</strong></span> <span class='ocrx_word' id='word_1_463' title='bbox 800 5085 861 5134; x_wconf 79' lang='lat'><strong>120.</strong></span> <span class='ocrx_word' id='word_1_464' title='bbox 899 5084 1005 5135; x_wconf 81' lang='lat' dir='ltr'><strong>Reioota</strong></span> <span class='ocrx_word' id='word_1_465' title='bbox 1026 5084 1126 5136; x_wconf 81' lang='lat' dir='ltr'><strong>Cuiaoii</strong></span> <span class='ocrx_word' id='word_1_466' title='bbox 1150 5085 1330 5136; x_wconf 84' lang='lat' dir='ltr'><strong>emendatione</strong></span> <span class='ocrx_word' id='word_1_467' title='bbox 1354 5085 1441 5136; x_wconf 82' lang='lat' dir='ltr'><strong>vitium</strong></span> <span class='ocrx_word' id='word_1_468' title='bbox 1467 5101 1515 5152; x_wconf 87' lang='lat' dir='ltr'><strong>pro</strong></span> <span class='ocrx_word' id='word_1_469' title='bbox 1540 5101 1573 5138; x_wconf 91' lang='lat' dir='ltr'><strong>eo</strong></span> <span class='ocrx_word' id='word_1_470' title='bbox 1599 5086 1663 5152; x_wconf 85' lang='lat' dir='ltr'><strong>quod</strong></span> 
     </span>
     <span class='ocr_line' id='line_1_48' title="bbox 332 5175 1661 5246; baseline -0.001 -18"><span class='ocrx_word' id='word_1_471' title='bbox 332 5185 370 5228; x_wconf 88' lang='lat' dir='ltr'><strong>est</strong></span> <span class='ocrx_word' id='word_1_472' title='bbox 392 5193 466 5227; x_wconf 84' lang='lat' dir='ltr'><strong>unum</strong></span> <span class='ocrx_word' id='word_1_473' title='bbox 490 5175 597 5227; x_wconf 89' lang='lat' dir='ltr'><strong>omuino</strong></span> <span class='ocrx_word' id='word_1_474' title='bbox 621 5191 743 5242; x_wconf 84' lang='lat' dir='ltr'><strong>perversa</strong></span> <span class='ocrx_word' id='word_1_475' title='bbox 768 5176 839 5239; x_wconf 87' lang='lat' dir='ltr'><strong>(uam</strong></span> <span class='ocrx_word' id='word_1_476' title='bbox 863 5177 996 5227; x_wconf 86' lang='lat' dir='ltr'><strong>excusatio</strong></span> <span class='ocrx_word' id='word_1_477' title='bbox 1020 5193 1073 5229; x_wconf 92' lang='lat' dir='ltr'><strong>non</strong></span> <span class='ocrx_word' id='word_1_478' title='bbox 1098 5185 1136 5228; x_wconf 90' lang='lat' dir='ltr'><strong>est</strong></span> <span class='ocrx_word' id='word_1_479' title='bbox 1161 5177 1263 5240; x_wconf 79' lang='lat' dir='ltr'><strong>vitium)</strong></span> <span class='ocrx_word' id='word_1_480' title='bbox 1288 5177 1351 5246; x_wconf 82' lang='lat' dir='ltr'><strong>qaid</strong></span> <span class='ocrx_word' id='word_1_481' title='bbox 1374 5179 1504 5245; x_wconf 75' lang='lat' dir='ltr'><strong>geminavi</strong></span> <span class='ocrx_word' id='word_1_482' title='bbox 1526 5186 1554 5229; x_wconf 85' lang='lat' dir='ltr'><strong>et</strong></span> <span class='ocrx_word' id='word_1_483' title='bbox 1571 5178 1661 5229; x_wconf 82' lang='lat' dir='ltr'><strong>admtsi</strong></span> 
     </span>
     <span class='ocr_line' id='line_1_49' title="bbox 331 5267 1279 5336; baseline 0.002 -17"><span class='ocrx_word' id='word_1_484' title='bbox 331 5267 529 5336; x_wconf 82' lang='lat' dir='ltr'><strong>unumquidqvid</strong></span> <span class='ocrx_word' id='word_1_485' title='bbox 546 5269 701 5320; x_wconf 87' lang='lat' dir='ltr'><strong>vocabulum</strong></span> <span class='ocrx_word' id='word_1_486' title='bbox 718 5271 911 5321; x_wconf 87' lang='lat' dir='ltr'><strong>Lucretianum.</strong></span> <span class='ocrx_word' id='word_1_487' title='bbox 948 5270 1088 5322; x_wconf 82' lang='lat' dir='ltr'><strong>Praeterea</strong></span> <span class='ocrx_word' id='word_1_488' title='bbox 1105 5269 1196 5322; x_wconf 87' lang='lat' dir='ltr'><strong>addidi</strong></span> <span class='ocrx_word' id='word_1_489' title='bbox 1215 5267 1279 5321; x_wconf 81' lang='lat' dir='ltr'><strong>dieo.</strong></span> 
     </span>
    </p>

    <p class='ocr_par' dir='ltr' id='par_1_18' title="bbox 408 5359 644 5426">
     <span class='ocr_line' id='line_1_50' title="bbox 408 5359 644 5426; baseline 0.017 -16"><span class='ocrx_word' id='word_1_490' title='bbox 408 5359 433 5426; x_wconf 83' lang='lat'><strong>³)</strong></span> <span class='ocrx_word' id='word_1_491' title='bbox 461 5363 522 5412; x_wconf 87' lang='lat' dir='ltr'><strong>inst.</strong></span> <span class='ocrx_word' id='word_1_492' title='bbox 536 5360 562 5424; x_wconf 84' lang='lat'><strong>5,</strong></span> <span class='ocrx_word' id='word_1_493' title='bbox 577 5360 603 5426; x_wconf 80' lang='lat'><strong>7,</strong></span> <span class='ocrx_word' id='word_1_494' title='bbox 619 5364 644 5414; x_wconf 84' lang='lat'><strong>9.</strong></span> 
     </span>
    </p>
   </div>
   <div class='ocr_carea' id='block_1_17' title="bbox 0 0 1780 6006">
    <p class='ocr_par' dir='ltr' id='par_1_19' title="bbox 0 0 1780 6006">
     <span class='ocr_line' id='line_1_51' title="bbox 0 0 1780 6006; baseline 0 0"><span class='ocrx_word' id='word_1_495' title='bbox 0 0 1780 6006; x_wconf 95' lang='lat' dir='ltr'><strong> </strong></span> 
     </span>
    </p>
   </div>
  </div>
 </body>
</html>
