3548 6012
579 647 731 698 euersor
749 647 944 700 assessor.
1016 619 1020 626 '
1408 626 1429 696 9

119 824 180 895 cari,
199 823 289 882 tiliam
311 823 342 881 in
364 821 468 881 matris
489 839 576 882 sacra
597 821 744 880 adscitam
765 820 868 880 fuisse.
901 819 942 880 Et
955 821 1013 880 suit
1029 839 1107 880 vero.
1140 819 1283 898 Legimus
1298 819 1330 878 in
1345 819 1432 880 titulo

118 924 147 986 C.
167 926 188 984 l.
210 925 303 986 2183:
331 921 411 984 Sacis
439 917 603 990 Σεβαπᾶς
624 917 753 982 Αἰολίδος
777 913 949 1007 xaprrrrpo'pw
970 915 1184 1006 Ἀγριππεῖνας,
1209 923 1261 982 ubi
1287 941 1353 982 cum
1380 924 1432 982 vix

117 1030 235 1105 reperias
256 1046 317 1106 quo
338 1046 438 1086 errore
459 1019 621 1092 Σεβαπιῖς
641 1027 818 1085 vocabulum
841 1027 1005 1102 irrepserit,
1028 1026 1092 1085 sine
1113 1025 1204 1084 dubio
1220 1023 1350 1098 Claudii,
1372 1045 1433 1084 non

119 1131 277 1191 Germanici
300 1149 378 1189 uxor
399 1130 514 1188 dicitur.
551 1129 667 1190 Tamen
690 1129 829 1206 quoniam
844 1127 1029 1205 Mytilenaei,
1052 1119 1115 1186 νέαν
1136 1122 1214 1184 θεὰν
1235 1128 1432 1188 inscribentes

118 1235 313 1310 Agrippinam,
336 1234 435 1310 ipsum
457 1251 568 1292 nomen
589 1241 755 1304 tacuerunt,
778 1232 912 1308 sequitur
934 1250 969 1290 eo
985 1231 1090 1290 saltem
1105 1238 1239 1310 tempore
1254 1249 1314 1308 quo
1329 1231 1434 1292 titulus

117 1336 271 1412 insculptus
292 1345 348 1408 est,
371 1335 501 1394 nondum
524 1333 643 1396 Cereris
665 1352 772 1394 nomen
794 1353 859 1394 eam
882 1334 1043 1411 accepisse.

190 1436 458 1516 Gymnasiarchiae
479 1457 588 1498 munus
609 1438 640 1496 in
656 1437 854 1516 Agrippinam
876 1456 935 1497 nou
958 1437 1099 1496 collatum
1121 1445 1209 1512 esset,
1231 1437 1290 1496 nisi
1311 1435 1435 1514 liturgia

118 1542 204 1616 potius
223 1543 419 1619 magistratus
440 1539 556 1612 fuisset,
578 1540 609 1598 id
630 1540 710 1616 quod
732 1541 812 1618 apud
826 1540 1027 1599 Athenienses
1049 1539 1092 1598 ita
1111 1539 1206 1600 luisse
1223 1540 1322 1600 verius
1343 1557 1434 1615 quam

118 1644 270 1720 elegantius
297 1643 514 1702 demonstravit
540 1641 704 1702 Neubauer
732 1641 898 1702 Commeat.
927 1643 1020 1720 epigr.
1048 1660 1076 1718 p.
1093 1643 1199 1720 33sq.,
1227 1642 1262 1702 ci.
1290 1641 1369 1700 infra
1395 1641 1433 1700 ad

118 1767 142 1805 n.
155 1747 222 1806 XX.

118 2015 165 2076 Ill.
204 2017 240 2078 Iu
261 2019 328 2078 basi
350 2036 519 2079 marmorea
540 2015 611 2076 Pau.
649 2015 721 2078 Sine
742 2015 882 2076 lemmate
902 2015 979 2076 Vult.
1017 2013 1144 2093 Reliqua
1166 2035 1193 2076 v.
1213 2015 1293 2094 apud
1308 2015 1434 2076 Momm-

153 2140 259 2182 senum.

536 2221 625 2282 Cives
647 2223 775 2282 Romani
797 2225 849 2300 qui

534 2325 707 2404 Mytileneis
729 2325 946 2404 nego[t]iantur

535 2430 576 2488 M.
598 2427 708 2504 Tit[i]0
731 2427 798 2506 [M.]
819 2428 840 2487 f.
862 2445 1002 2506 procos.

535 2530 628 2608 praef.
651 2531 759 2590 elassis
781 2549 844 2591 eos.
1079 2549 1134 2590 coa.
1157 2549 1186 2589 a.
1202 2549 1225 2591 a.
1242 2531 1262 2590 7
1264 2529 1304 2590 23

535 2633 628 2710 desig.
650 2641 778 2710 patrono
1253 2653 1256 2660 ·

576 2735 701 2795 honoris
723 2753 815 2796 causa

120 2928 168 2990 Ed.
188 2931 355 2991 Mommsen
378 2927 413 2990 0.
428 2929 454 2988 1.
467 2927 503 2988 L.
526 2927 671 3004 111‚450.

119 3219 164 3280 IV.
203 3222 237 3281 ln
264 3221 404 3281 columna
429 3237 596 3280 marmorea
616 3217 748 3280 Neronis
773 3221 956 3298 epigramma
976 3219 1050 3280 Pae.
1092 3219 1143 3279 Ad
1164 3237 1362 3278 marmoream
1384 3237 1433 3279 co·

153 3323 278 3384 lumnam
308 3325 342 3382 in
369 3320 522 3382 Neronem
550 3320 711 3382 Caesarem
740 3323 924 3401 epigramma
949 3321 1027 3382 Valt.
1081 3321 1227 3382 Boeckhii
1254 3321 1364 3382 lemma
1392 3317 1434 3380 ‘in

154 3422 267 3486 Aeolia'
288 3425 446 3487 Muratorii
468 3425 658 3504 neglegentia
679 3436 785 3484 ortum.

192 3615 239 3694 [⁴0
266 3613 369 3695 δᾶμος]
398 3619 403 3695 Ι
426 3607 537 3702 Na'purvoe
555 3606 673 3674 'latiisov
695 3617 700 3694 1
723 3607 857 3702 Kaioopoe
878 3611 970 3675 παῖδα
993 3613 998 3697 Ι
1021 3607 1082 3676 Sto
1106 3605 1154 3676 νὲω
1176 3607 1343 3701 ΓερμαΙνῖκω
1366 3606 1434 3674 Km'·

192 3743 274 3804 rapas
296 3722 301 3798 Ι
324 3711 372 3778 sai
396 3709 474 3780 θέας
494 3711 632 3796 ΑἴολιΊδος
653 3708 832 3803 καρποφέΙρω
853 3711 1050 3804 'Appenninum

121 3906 186 3970 C.I.
206 3909 293 3970 3528.
316 3945 355 3956 -
379 3911 449 3972 Ἠ
475 3908 488 3968 ὅ
517 3905 607 3980 δᾶμος
632 3910 698 3970 add.
728 3929 767 3970 ex
780 3909 890 3970 Vallia.
934 3909 1064 3971 Formae
1085 3906 1161 3970 θεοῦ
1182 3901 1243 3968 visa
1265 3910 1437 3992 Γερμανικοῦ

120 4019 145 4069 el
162 4004 339 4098 καρποφᾶρας
358 4005 561 4097 'Appenninos
582 4032 652 4073 vers
673 4013 894 4074 Muratorianae
916 4021 994 4072 sunt.

192 4115 311 4176 Positus
334 4115 438 4175 titulus
459 4126 530 4193 post
551 4129 578 4176 a.
595 4115 645 4188 20,
667 4135 727 4193 quo
750 4126 850 4194 togam
866 4115 982 4176 virilem
1001 4116 1129 4194 sumpsit
1143 4113 1226 4175 Nero
1240 4115 1345 4188 Iulius,
1368 4121 1436 4174 ante

121 4235 143 4274 a.
158 4218 203 4288 31,
225 4237 280 4295 quo
302 4227 439 4278 mortuus
461 4229 522 4291 est;
545 4219 582 4278 ci.
606 4219 678 4279 Tac.
702 4221 781 4278 Anu.
798 4219 911 4280 11139.
934 4217 977 4277 IV
993 4219 1021 4278 4.
1059 4217 1221 4278 Parentum
1243 4235 1330 4278 saera
1351 4235 1377 4276 a.
1398 4217 1434 4276 18

122 4319 191 4396 apud
205 4321 398 4398 Mytilenaeos
422 4331 528 4400 coepta
549 4339 616 4381 esse
637 4321 792 4399 probabile
814 4323 904 4392 dueo;
927 4329 996 4380 tunc
1017 4321 1095 4380 enim
1113 4314 1312 4380 Germa'nicus
1334 4321 1364 4378 in
1381 4317 1437 4398 Sy-

121 4421 186 4480 riam
210 4425 396 4501 prolecturus
418 4424 456 4483 ab
477 4424 603 4483 Euboea
623 4424 724 4482 insula
743 4419 882 4483 ‘Lesbum
905 4423 1049 4496 tramisit,
1076 4424 1127 4482 ubi
1148 4424 1318 4501 Agrippina
1338 4423 1436 4482 novis·

122 4523 189 4583 simo
213 4537 297 4602 partu
324 4526 434 4586 Iuliam
460 4521 573 4586 edidit’.
596 4559 637 4570 —
665 4527 837 4605 Agrippina
861 4525 892 4584 in
920 4544 1028 4586 nomen
1057 4525 1291 4604 religionemque
1318 4523 1437 4584 Cereris

123 4625 185 4683 deae
206 4627 316 4688 adscita
336 4623 399 4686 &erl
421 4619 516 4689 staats
536 4618 717 4711 καρποφόρος
737 4629 909 4691 vocabatur.
946 4627 1018 4688 Non
1040 4627 1142 4706 exigui
1164 4627 1302 4688 videntur
1317 4625 1437 4688 Cereris

122 4725 365 4808 Proserpinaeque
391 4730 470 4808 apud
491 4729 621 4790 Lesbios
648 4731 777 4790 honores
806 4732 914 4791 fuisse:
943 4731 972 4789 αἱ
999 4721 1177 4814 καρποφόρα.
1199 4720 1270 4787 Serri
1291 4731 1387 4790 latent
1407 4731 1438 4788 in

121 4828 199 4906 lrgm.
215 4829 286 4892 c.1.
304 4831 398 4906 2175,
419 4833 599 4910 eaedemque
621 4831 694 4892 deae
710 4821 873 4893 etiamalio
889 4833 1025 4911 quamvis
1041 4833 1168 4892 obscuro
1183 4833 1301 4892 nomine
1317 4841 1440 4892 utuntur

123 4934 258 5007 mysteriis
278 4936 404 4996 sancito.
440 4935 519 4994 Nam
542 4954 597 5012 pro
619 4935 776 5010 explorato
796 4953 864 4996 esse
879 4944 988 5012 potest,
1010 4935 1129 4995 illarum
1145 4934 1330 4996 sacerdotem
1344 4933 1440 4994 fuisse

124 5034 262 5096 mulierem
282 5057 362 5115 quse
384 5037 414 5098 in
437 5039 524 5098 titulo
546 5039 575 5097 h.
595 5038 664 5114 syll.
677 5037 739 5096 Vll
762 5027 833 5120 ἱερέα
853 5038 907 5094 τᾶν
928 5033 1006 5096 θεᾶν
1025 5033 1183 5115 Ἐτηιριλᾶν
1205 5047 1337 5097 vocatur.
1375 5036 1438 5096 Du-

124 5135 184 5210 plex
207 5151 358 5215 praeterea
384 5141 457 5200 deae
477 5131 634 5216 Ἐτηφίλας
655 5139 800 5199 memoria
822 5147 942 5199 servata
963 5149 1010 5200 cst
1028 5141 1059 5198 iu
1081 5139 1169 5200 titulo
1192 5141 1272 5218 apud
1294 5138 1439 5199 Consium

124 5233 227 5298 Lesbos
253 5243 310 5302 tab.
327 5242 424 5302 XVII
430 5287 438 5315 ,
456 5245 487 5315 l,
506 5241 543 5300 12
566 5253 596 5302 et
617 5241 651 5302 Ο.
674 5241 698 5300 I.
721 5241 751 5299 11
773 5241 851 5300 Add.
869 5241 987 5315 treta,
1014 5243 1123 5320 quibus
1145 5243 1220 5302 locis
1243 5241 1336 5302 Ceres
1357 5250 1439 5301 certo

125 5337 306 5420 intellegenda
332 5353 389 5406 est.
432 5345 570 5424 Denique
598 5345 687 5404 Erasi
716 5345 837 5404 invento
864 5344 1036 5423 anaglypho
1063 5346 1224 5425 inscriptus
1251 5351 1297 5406 est
1322 5343 1439 5405 dativus
