3520 6006
471 653 474 658 ·
547 643 622 694 nux
641 641 723 694 cor..
744 642 973 694 onuarrvsa.
1355 623 1425 694 133

106 813 248 872 libertinus
277 815 319 872 sit
347 819 554 892 quaestionem
581 817 645 876 fieri
673 825 753 874 vetat
780 815 832 893 (5,
849 815 917 891 21),
946 816 1003 873 hoc
1029 814 1226 890 intellegitur,
1253 833 1319 873 cum
1343 835 1428 891 prae·

104 925 176 972 terea
200 916 324 976 decurio
353 919 416 978 lieri
444 939 503 977 non
533 931 635 995 posset
662 920 721 978 nisi
742 918 944 996 ingenuus¹),
971 918 1001 975 in
1024 917 1141 978 colonia
1163 915 1313 976 Genetiva
1338 919 1426 976 etiarn

104 1017 249 1076 libertinos
279 1039 349 1078 cum
379 1021 416 1078 ad
445 1021 574 1080 honores
603 1034 662 1080 tum
692 1023 723 1080 in
754 1022 866 1080 curiam
895 1020 1046 1080 admissos
1074 1037 1151 1080 esse.
1201 1019 1308 1096 Neque
1334 1020 1364 1078 in
1392 1040 1427 1078 eo

103 1120 159 1176 solo
182 1121 296 1198 oppido
324 1122 354 1180 id
377 1121 500 1182 Caesari
527 1124 645 1183 ridetur
671 1124 831 1200 placuisse.
875 1123 922 1180 Ex
950 1123 1069 1180 colonia
1094 1122 1172 1182 Iulia
1194 1121 1323 1195 Gurubi,
1351 1142 1428 1199 quae

101 1221 127 1278 in
152 1221 252 1282 Africa
286 1234 350 1296 est,
383 1245 477 1302 nuper
508 1227 635 1286 innotuit
666 1225 770 1284 titulus
799 1223 898 1301 bic²):
937 1224 966 1283 C.
1001 1225 1123 1284 Caesare
1149 1229 1216 1302 imp.
1252 1245 1309 1284 cos.
1339 1225 1427 1300 Ilpa]

103 1325 141 1394 (a
163 1324 239 1400 tos)
271 1325 312 1385 L.
342 1327 514 1404 Pomponius
542 1329 579 1386 L.
609 1329 627 1387 l.
654 1327 797 1404 Malc[us]
825 1330 881 1386 duo
907 1333 953 1385 oir
975 1328 1129 1388 Vmurum
1150 1329 1251 1404 oppidi
1280 1337 1368 1386 totum
1396 1345 1429 1384 aa
1510 1387 1515 1398 ,

101 1445 162 1484 soro
188 1429 337 1504 quadrato
362 1430 599 1508 oedidc(ondum)
626 1429 787 1507 cocr(ooit).
832 1429 1012 1507 Nuperrime
1041 1429 1113 1488 item
1140 1429 1273 1490 Formiis
1301 1430 1427 1489 alterum

101 1529 292 1606 habuimus³)
322 1532 454 1590 eiusdem
483 1534 545 1591 sere
574 1535 680 1593 aetatis
710 1533 796 1609 (nam
826 1534 874 1590 cui
902 1533 1020 1612 positus
1049 1541 1109 1604 eat,
1138 1550 1282 1591 accensus
1311 1533 1367 1590 fnit
1389 1532 1426 1590 T.

100 1627 186 1690 Sextii
214 1633 282 1692 eius
313 1633 365 1710 qui
395 1634 568 1694 Numidiam
597 1635 725 1694 obtinuit
756 1655 782 1694 a.
809 1655 838 1692 u.
864 1653 890 1694 c.
916 1635 1106 1710 tro-713)
1135 1634 1178 1692 M.
1212 1634 1305 1693 Caelii
1331 1635 1375 1694 M.
1407 1635 1426 1692 l.

98 1733 244 1794 Philerotis
272 1735 478 1814 Cortiap(ine)
506 1737 654 1814 oed(ilis),
679 1737 847 1814 promiscii)
870 1743 888 1794 i.
913 1738 940 1795 d.
965 1779 1050 1808 ....‚
1078 1735 1199 1812 Iluro)
1226 1735 1351 1813 Clupeas
1373 1737 1425 1796 bis.

100 1833 307 1914 Carthaginem
330 1827 477 1898 coloniam
500 1841 655 1899 deductam
678 1858 746 1899 esse
767 1859 785 1898 a
807 1838 938 1900 Caesare
961 1847 1064 1898 notum
1087 1849 1145 1910 est3
1170 1835 1286 1916 Clupea
1307 1857 1426 1916 quoque

98 1939 230 2014 oppidum
255 1939 372 2000 Gurubi
401 1944 570 2018 proximum
598 1953 628 2000 et
654 1943 722 2020 ipsa
749 1943 826 2000 inter
854 1942 988 2001 colonias
1017 1941 1110 1999 Iulias
1138 1941 1254 2000 videtur
1279 1942 1425 2018 luisse⁴).

100 2039 242 2100 Tenemus
273 2043 364 2120 igitur
391 2052 451 2102 tres
473 2044 609 2104 colonias
633 2063 744 2122 easque
766 2045 860 2104 Iulias
883 2042 1023 2104 Caesaris
1046 2043 1201 2102 dictatoris
1222 2063 1340 2114 omnes,
1368 2044 1425 2104 Ur·

99 2159 193 2202 sonem
215 2146 248 2203 in
266 2144 417 2221 Hispania
435 2146 584 2214 ulteriore,
607 2135 751 2214 Curubim
767 2157 796 2206 et
811 2145 956 2236 Clupeam
974 2147 1004 2204 in
1020 2145 1134 2217 Africa,
1157 2147 1207 2204 ubi
1224 2155 1343 2222 praeter
1357 2165 1425 2205 con-

98 2246 280 2306 suetudinem
309 2247 455 2306 libertinis
482 2249 599 2308 licuerit
625 2249 754 2307 honores
781 2259 881 2326 petere
905 2258 934 2308 et
954 2249 985 2306 in
1007 2249 1090 2306 curia
1113 2249 1227 2308 sedere.
1270 2249 1335 2308 Iam
1358 2268 1424 2307 cum

97 2367 187 2407 rerum
223 2357 363 2408 auctores
398 2350 529 2410 referant
556 2347 717 2412 Caesarem
744 2351 897 2428 octoginta
923 2351 1032 2409 civium
1061 2351 1183 2410 milibus
1211 2352 1241 2408 in
1280 2361 1424 2410 transma-

96 2451 170 2508 rinas
199 2453 338 2510 colonias
367 2453 535 2512 distributis
564 2455 667 2512 urbem
697 2453 916 2530 exhausisse⁵)
945 2471 1055 2528 eosque
1084 2472 1121 2513 en
1151 2453 1291 2514 libertino
1317 2472 1425 2530 genere

98 2554 220 2610 maxime
250 2555 440 2632 traxisset),
467 2558 594 2634 primum
622 2557 816 2636 intellegitur,
844 2557 951 2614 curin
977 2555 1102 2614 coloniis
1128 2555 1191 2614 illis
1217 2557 1424 2616 transmarinis

96 2671 155 2712 cum
177 2657 309 2730 primum
331 2659 508 2717 decuriones
531 2660 785 2737 magistratusque
806 2667 977 2718 crearentur
1000 2657 1082 2734 (narn
1097 2665 1240 2734 perpetuo
1256 2658 1287 2716 id
1302 2659 1424 2718 licuisse

97 2775 278 2834 nequaquam
306 2761 460 2834 probabile
482 2762 547 2839 est)
575 2764 667 2821 etiam
689 2762 821 2820 libertini
842 2761 976 2820 homines
998 2761 1110 2838 pariter
1131 2770 1220 2837 atque
1242 2761 1364 2840 ingenui
1386 2763 1425 2820 ad

98 2857 220 2919 honores
251 2861 374 2921 admissi
402 2864 601 2924 inveniantur.
650 2865 768 2924 Deinde
796 2865 865 2922 item
896 2863 1077 2941 patefactum
1106 2873 1167 2934 est,
1199 2863 1318 2922 colonia
1345 2863 1426 2921 Iulia

98 2957 240 3021 Genetiva
262 2983 351 3041 quarn
374 2967 412 3025 ob
436 2985 556 3026 causam
579 2969 659 3027 dicta
680 2967 719 3026 sit
740 2967 931 3028 Urbanorum
952 2965 994 3040 (v.
1017 2985 1046 3042 p.
1066 2965 1149 3042 119).

173 3064 376 3126 Decurionem
410 3087 450 3128 ex
483 3071 587 3129 ordine
620 3070 673 3128 cici
703 3071 837 3146 potuisse
870 3087 985 3145 poenae
1014 3067 1135 3126 nomine
1162 3068 1273 3128 iudicio
1301 3067 1422 3145 publico
1435 3069 1562 3120 Iudicium

97 3167 193 3242 populi
222 3167 351 3228 Romani
385 3171 614 3230 condemnatum
647 3173 714 3232 iura
741 3191 817 3249 quae
845 3179 1007 3248 supersunt
1034 3171 1108 3228 satis
1137 3169 1333 3246 testantur⁷).
1382 3142 1568 3266 Aldietalldddge'-

98 3268 179 3326 etiam
202 3270 281 3348 apud
303 3273 496 3348 magistratus
519 3275 715 3352 municipales
736 3275 923 3334 decurionem
940 3273 976 3331 de
991 3271 1166 3349 indignitate
1181 3273 1315 3332 accusari
1331 3291 1421 3350 posse
1443 3292 1555 3341 ourionis

98 3388 186 3446 eoque
214 3373 324 3432 iudicio
351 3374 473 3452 publico
498 3375 726 3436 condemnatum
749 3397 765 3435 e
788 3386 893 3436 senatu
914 3375 985 3450 cici,
1012 3393 1073 3452 qua
1094 3376 1130 3434 dc
1151 3395 1184 3434 re
1205 3385 1328 3434 cavetur
1348 3375 1425 3454 legis

98 3489 121 3528 e.
140 3471 206 3545 CV,
233 3477 356 3536 omnino
388 3496 499 3536 novum
530 3486 592 3550 est3
626 3479 763 3556 equidem
795 3489 874 3539 certe
903 3497 963 3538 nou
990 3479 1108 3554 repperi
1137 3479 1217 3554 quod
1243 3487 1360 3538 constet
1388 3497 1423 3538 eo

98 3575 288 3654 pertinerei).
325 3577 405 3660 Nam
428 3580 509 3657 quod
530 3582 667 3657 proxime
689 3581 805 3642 accedit
826 3581 972 3657 Pompeia
992 3580 1058 3657 lege
1080 3579 1117 3638 de
1139 3579 1282 3657 Bithynia
1302 3583 1424 3659 provin-

102 3740 297 3754 ————-—

171 3853 194 3916 ¹)
221 3857 275 3906 Lex
289 3857 393 3908 Malam·
404 3875 425 3908 c.
441 3859 476 3910 54
496 3875 553 3910 cunr
567 3862 753 3912 commentario
769 3876 827 3912 meo
845 3878 870 3926 p.
885 3862 947 3912 416.
975 3861 1129 3928 blsrquardt
1142 3859 1305 3914 Stootsoerrc.
1321 3863 1345 3924 1,
1360 3861 1422 3912 497.

170 3943 195 4009 ¹)
221 3946 318 4000 (isirin
337 3966 394 4016 vop.
413 3967 443 4001 en
466 3950 569 4003 Tanisie
589 3955 614 4016 2,
630 3955 691 4003 212.
731 3953 772 4004 Cf.
791 3953 944 4020 Marquardt
963 3951 1127 4006 Stuotsserrs.
1144 3957 1168 4019 1,
1183 3955 1235 4005 318
1256 3971 1280 4006 n.
1297 3955 1321 4004 8.

171 4035 196 4099 ³)
220 4039 324 4092 Battara
343 4037 401 4093 dett
421 4044 535 4095 instituto
557 4045 626 4096 1873
646 4061 671 4111 p.
687 4045 730 4096 st.

172 4131 197 4192 ⁴)
223 4133 332 4186 Curubis
351 4143 378 4184 ct
396 4135 522 4201 Clupeas,
544 4153 609 4202 quaa
627 4139 763 4204 proximae
782 4145 849 4201 sunt,
869 4137 1049 4190 condicionem
1068 4141 1177 4190 eandem
1196 4141 1276 4190 fuisse
1294 4139 1423 4204 significat

100 4219 195 4272 Plinius
212 4225 235 4274 b.
255 4243 281 4276 n.
302 4227 333 4289 5,
352 4229 383 4289 4,
404 4231 452 4279 24:
476 4227 579 4280 liberum
598 4229 736 4298 (oppidum)
761 4227 856 4298 Clupea
873 4231 901 4280 in
918 4233 1088 4298 promuntorio
1108 4231 1245 4296 Mermoio,
1265 4233 1322 4282 item
1342 4229 1423 4280 libera

105 4307 211 4366 Curubis
249 4319 371 4384 Denique
390 4327 497 4386 utraque
516 4321 606 4372 habuit
625 4324 665 4372 vel
686 4323 805 4374 Caesaris
824 4331 940 4390 tempore
959 4326 1116 4376 duumviros.

172 4405 194 4469 ὅ)
220 4411 327 4463 Sueton.
348 4412 422 4463 Caes.
442 4416 486 4464 42.

172 4497 195 4561 ⁶)
220 4503 314 4556 Strabo
333 4507 363 4566 8,
378 4505 409 4566 6,
424 4506 472 4556 232
494 4506 655 4570 (Corinthus)
675 4493 807 4575 ἇνιλῆψθη
826 4495 903 4557 πάλιν
922 4499 969 4558 ini
988 4503 1118 4576 Καίσαρος
1135 4506 1179 4559 roi
1197 4505 1262 4558 θεοῦ
1351 4499 1421 4558 broi-

103 4605 152 4646 ttvt
169 4589 305 4662 πὲμψαντος
323 4595 368 4647 τοῦ
387 4590 584 4666 ιῖπιλευθερικοῧ
601 4595 684 4666 plosor
702 4597 846 4658 πλείστους.
879 4601 951 4652 Idem
971 4603 1059 4652 scribit
1074 4601 1117 4664 17,
1132 4601 1157 4664 3,
1174 4603 1207 4652 15
1222 4617 1246 4668 p.
1258 4600 1310 4650 833
1330 4603 1421 4651 cadom

104 4689 207 4748 tempore
232 4689 369 4740 Caesarem
390 4690 574 4758 Carthaginem
599 4693 698 4744 misisse
723 4683 835 4750 heincus
852 4683 979 4762 ‘Pupulus
1001 4683 1058 4751 'toric
1080 4691 1286 4764 npoatpoupivout
1310 4687 1352 4743 καὶ
1375 4691 1421 4742 riis

105 4778 243 4842 amarioris
260 4797 338 4839 τινας.

174 4866 195 4932 ¹)
220 4875 260 4924 Ita
279 4876 371 4925 ordine
390 4885 524 4927 morentur
543 4877 586 4942 qui
604 4877 698 4928 falsum
718 4879 893 4928 testimonium
913 4878 1034 4928 dixerunt
1052 4877 1159 4942 (Paulus
1178 4893 1233 4929 ar.
1252 4879 1367 4941 5,15,5
1388 4879 1420 4928 cl.

106 4956 160 5024 Βίκ-
172 4963 211 5026 48,
228 4969 270 5028 10,
286 4967 330 5030 13,
347 4967 380 5030 1),
400 4969 460 5018 item
480 4969 565 5034 abigei
585 4969 655 5034 (Dig.
670 4968 715 5030 47,
731 4969 774 5032 14,
790 4973 814 5020 1,
829 4969 864 5032 3),
885 4971 1044 5021 stellionatus
1062 4973 1100 5022 rei
1120 4971 1192 5036 (Dig.
1207 4971 1250 5034 47,
1266 4973 1309 5034 20,
1325 4973 1350 5034 3,
1366 4970 1401 5034 3).

173 5051 194 5116 Ι)
220 5057 297 5119 Quod
320 5061 505 5126 rescripserunt
529 5062 582 5110 diri
606 5061 699 5111 fratres
722 5078 770 5111 non
795 5061 895 5112 admitti
916 5070 1006 5114 contm
1028 5061 1111 5113 dicere
1129 5063 1262 5127 colentem,
1288 5063 1355 5131 quod
1371 5079 1420 5114 non

106 5155 164 5198 reete
184 5154 237 5218 quis
260 5153 294 5202 ait
317 5159 417 5204 creatus
441 5153 557 5215 decurio,
583 5170 637 5204 cum
660 5154 733 5204 initio
756 5161 845 5204 contro
864 5153 948 5205 dicere
967 5153 1080 5206 debuerit
1098 5155 1173 5222 (Dig.
1193 5157 1242 5219 50,
1263 5159 1293 5218 2,
1316 5155 1361 5218 13,
1383 5155 1419 5218 3),

107 5253 245 5308 quamquam
271 5245 342 5310 apud
364 5248 527 5312 magistratus
551 5247 718 5310 municipales
743 5255 835 5296 contra
852 5247 989 5298 dicendum
1008 5249 1069 5311 suit,
1093 5249 1188 5314 quippe
1207 5251 1241 5300 ad
1261 5265 1325 5315 quos
1344 5249 1420 5298 ‹lacu-

108 5331 196 5386 rionunr
214 5339 309 5390 creatio
328 5345 463 5404 spectaret,
484 5339 590 5390 omnino
610 5339 741 5390 diversum
760 5346 798 5389 est
817 5339 849 5389 ab
869 5339 945 5392 buius
963 5341 1027 5407 legis
1047 5341 1143 5392 iudicio
1160 5342 1273 5408 publico.
