3548 6012
502 643 660 705 ovasse.
682 643 899 696 ouounron.
918 645 943 696 1.
1342 625 1389 698 33

387 817 533 892 guendam
561 817 732 895 opinionem
754 818 885 898 aliquam
914 819 951 877 ab
973 817 1011 878 Ο.
1034 817 1155 878 Η8ιι1ιίο
1178 839 1272 898 nuper
1292 820 1392 898 prola-

387 929 446 978 tam
468 919 498 978 in
520 919 733 980 dissertatione
755 921 792 981 de
814 921 997 981 carminibus
1020 921 1112 1000 epicis
1131 922 1245 981 saeculi
1259 923 1393 1002 Augusti

385 1021 562 1098 (Vratislav.
581 1023 676 1100 1870)
691 1043 720 1100 p.
737 1025 785 1096 tt,
803 1024 919 1083 scilicet
933 1041 1040 1082 versus
1056 1024 1161 1084 Albini
1176 1033 1283 1102 poetae
1297 1026 1392 1103 ignoti

384 1143 422 1182 ex
450 1143 549 1184 rerum
577 1125 780 1186 Romanarum
808 1127 923 1203 primo,
953 1145 1029 1204 quos
1056 1125 1232 1186 Priscianus
1261 1128 1394 1186 servavit

385 1226 427 1300 (7,
452 1228 487 1299 5,
511 1225 549 1285 22
577 1249 605 1306 p.
628 1229 703 1302 304,
726 1228 766 1288 20
788 1228 859 1305 H.),
888 1229 1081 1287 Albinovano
1111 1229 1285 1290 tribuendos
1314 1247 1392 1288 esse.

384 1328 503 1388 Etenim
526 1330 657 1390 Ovidius
683 1331 767 1390 solus
793 1331 824 1390 in
851 1331 982 1392 carmine
1009 1339 1127 1408 poetam
1151 1331 1217 1392 solo
1239 1333 1393 1410 gentilicio

385 1431 528 1510 appellat;
552 1443 709 1511 praeterea
729 1453 800 1493 vero
821 1435 934 1512 ubique
956 1443 1007 1492 aut
1028 1443 1187 1512 utrumque
1203 1435 1327 1512 ponitur
1340 1453 1392 1494 uo-

384 1553 467 1608 men,
493 1535 677 1613 gentilicium
699 1545 729 1594 et
750 1554 929 1615 cognomen,
957 1547 1009 1596 aut
1031 1555 1196 1614 cognomen
1220 1537 1332 1611 solum,
1360 1545 1395 1596 ut

385 1655 459 1696 usus
475 1638 620 1716 pustulam
638 1637 825 1716 gentilicium
841 1639 938 1698 solum
954 1647 1110 1718 praeterea
1124 1657 1272 1716 nusquam
1288 1639 1394 1716 depre-

385 1740 533 1799 henditur.
572 1739 631 1802 Gai
654 1760 845 1818 praenomen,
868 1741 948 1820 quod
970 1741 1039 1801 inde
1061 1761 1080 1801 a
1102 1740 1258 1820 Scaligero
1277 1741 1394 1800 Pedoni

384 1843 536 1916 tribuitur,
558 1845 640 1903 omni
662 1843 720 1903 tide
743 1857 832 1903 caret.

302 1944 377 2003 Mire
396 1963 468 2004 sanc
487 1945 655 2018 accidisset,
677 1947 704 2006 si
724 1947 842 2024 utrique
856 1955 962 2022 poetae
979 1965 1143 2026 cognomen
1158 1946 1272 2026 duplex
1286 1947 1394 2006 luisset

303 2046 350 2122 (id
379 2047 459 2124 quod
488 2065 660 2126 quanquam
686 2048 836 2108 interdum
863 2049 923 2107 iam
951 2052 1099 2126 reperitur
1126 2069 1162 2109 eo
1188 2058 1337 2126 tempore,
1363 2069 1392 2108 v.

302 2149 518 2210 Mommscnum
534 2149 700 2210 Hermae?
723 2169 751 2228 p.
771 2151 872 2224 158⁸,
896 2161 995 2211 tamen
1016 2153 1205 2212 rarissimum
1229 2151 1299 2228 est),
1322 2169 1393 2228 gen·

302 2250 353 2309 tile
376 2261 474 2311 antem
496 2254 651 2330 utriusque
673 2254 851 2312 obrueretur
872 2253 1031 2314 oblivione.
1073 2253 1188 2314 Contra
1209 2254 1307 2328 ambo,
1331 2263 1391 2312 tatu

302 2351 413 2414 Celsus
429 2374 517 2433 quam
528 2355 622 2428 Pedo,
636 2355 843 2415 Albinovanae
858 2356 938 2433 genti
951 2357 1072 2415 omnino
1085 2356 1286 2416 adscribendi.
1309 2355 1392 2414 Num

302 2456 409 2516 iratres
431 2459 544 2517 inerint
565 2477 604 2518 an
625 2467 711 2536 pater
732 2466 763 2518 et
784 2459 865 2516 tilius
888 2459 1047 2518 diiudicari
1069 2459 1187 2536 nequit;
1210 2459 1264 2518 sed
1279 2469 1393 2518 utram-

302 2577 360 2635 que
387 2559 452 2618 fieri
479 2561 585 2636 potuit.
628 2559 790 2620 Parentela
814 2560 919 2636 aliqua
939 2577 991 2620 eus
1013 2561 1107 2621 fuisse
1130 2561 1304 2621 coniunctas
1327 2580 1393 2638 per·

302 2680 390 2736 quam
414 2663 571 2738 probabile
592 2671 647 2722 ast.

302 2763 336 2821 P.
356 2764 553 2824 Albinouanus
576 2765 650 2824 nihil
672 2765 801 2843 amplius
824 2765 967 2844 scriptum
990 2765 1097 2826 litteris
1119 2767 1206 2826 bonis
1229 2766 1340 2843 legitur
1360 2767 1393 2824 in

386 2867 474 2925 titulo
497 2867 592 2926 musei
608 2866 746 2928 Vaticani
770 2866 867 2944 (Gall.
891 2868 950 2946 lap.
973 2868 1078 2928 incert.
1101 2868 1141 2946 Ι),
1164 2888 1253 2946 quem
1275 2867 1393 2926 Henne-

387 2987 443 3028 nus
466 2969 549 3029 vidit.
581 2969 618 3028 In
640 2969 735 3030 titulis
756 2970 825 3030 aliis
839 2970 1023 3030 Albinovani
1039 2989 1147 3030 nornen
1162 2971 1295 3030 nondum
1312 2991 1394 3030 com·

387 3073 497 3149 paruit,
520 3083 662 3150 qnantum
685 3073 758 3132 scio.
996 3080 1000 3086 '

304 3173 415 3248 Locus,
437 3175 534 3252 siquis
555 3175 611 3234 suit
633 3175 765 3247 omnino,
788 3177 866 3234 unde
888 3195 996 3234 nomen
1015 3177 1160 3255 originem
1177 3175 1272 3247 duxit,
1294 3181 1395 3252 potest

304 3277 399 3336 luisse
420 3287 472 3336 aut
494 3277 574 3336 Alba
594 3297 674 3336 nova
694 3287 747 3338 aut
767 3278 891 3336 Albium
912 3297 1023 3338 novum
1046 3279 1110 3338 sive
1133 3277 1324 3338 Albinoviunr
1349 3277 1395 3352 (ut

304 3379 530 3457 Albingaunum
558 3389 588 3440 et
614 3379 889 3456 Albintemelium);
917 3381 954 3439 ab
983 3387 1110 3458 utroque
1136 3387 1217 3440 recte
1244 3380 1396 3439 derivatur

303 3482 521 3555 Albinovanus,
543 3491 577 3542 ut
597 3503 616 3568 a
637 3483 703 3542 vico
718 3482 822 3543 Tusco
837 3482 1056 3542 Tusciuicanus
1078 3500 1253 3562 cognomen,
1276 3480 1313 3538 de
1335 3497 1394 3557 quo

304 3583 420 3644 dicetur
440 3585 529 3644 infra.

110 3667 232 3738 bantinus
302 3685 341 3746 L.
363 3687 494 3747 Anniani
508 3688 628 3764 Sperati
648 3686 813 3766 Luguduni
835 3687 977 3747 Boissieu
998 3690 1184 3764 inscriptions
1206 3687 1338 3762 antiques
1361 3685 1395 3743 de

45 3851 46 3862 2
390 3790 474 3866 Lyon
496 3811 525 3868 p.
543 3789 614 3863 528,
632 3788 701 3849 124.

110 3869 278 3950 bisuntinus
307 3892 339 3952 Ο.
361 3893 552 3970 Apscttlanaa
579 3891 611 3952 C.
635 3891 654 3952 l.
677 3892 742 3951 Ero

45 3973 46 3990 ¹
305 3994 337 4053 a.
360 3995 552 4072 spartana
578 3995 608 4055 a
633 3995 651 4053 ι.
674 3995 759 4073 nuno

307 4097 337 4158 C.
361 4097 551 4176 Apact'llanus
576 4099 607 4158 C.
631 4097 649 4155 l.
675 4096 783 4157 Suavis

303 4198 481 4276 Apscitlano
506 4199 538 4258 0.
563 4201 582 4258 l.
607 4199 740 4259 Secunda
763 4199 863 4258 Allifis
887 4199 917 4256 in
940 4195 1065 4258 Samnio
1089 4197 1114 4256 Ι.
1129 4195 1168 4256 N.
1185 4195 1277 4256 4789.

344 4303 450 4361 Trium
472 4302 648 4362 libertorum
670 4303 793 4362 nomina
814 4303 845 4361 in
866 4301 925 4360 hoc
944 4301 1032 4360 titulo
1055 4300 1193 4377 genetivo
1215 4316 1288 4358 casu
1310 4298 1395 4356 exbi-

303 4404 420 4477 bentur,
446 4407 498 4482 qui
525 4413 625 4483 potest
651 4405 742 4464 etiam
768 4404 883 4464 formae
910 4405 941 4461 in
963 4407 1048 4462 anias
1070 4419 1154 4475 esse3
1190 4400 1241 4460 sed
1270 4399 1394 4460 libertae

302 4525 412 4566 nomen
434 4515 581 4584 oportune
603 4507 737 4566 additum
759 4527 822 4565 rem
845 4506 972 4565 conficit.

304 4607 376 4667 Loci
400 4627 508 4668 nomen
525 4611 665 4688 Apscilla
687 4609 735 4668 vel
758 4609 856 4668 simile
878 4618 981 4668 notum
1003 4625 1063 4666 non
1086 4613 1146 4678 est3
1169 4604 1221 4663 sed
1237 4603 1286 4682 Ap
1306 4604 1396 4663 radix

304 4712 334 4770 in
357 4712 524 4790 Appianum
550 4713 671 4772 nomine
694 4709 807 4773 Sabino
829 4720 918 4788 atque
940 4711 970 4768 in
992 4708 1134 4768 derivatis
1157 4707 1250 4766 veluti
1273 4707 1396 4784 Apinius

305 4813 435 4892 Aponius
458 4814 611 4892 Apatidius
633 4813 741 4891 (Sorae
763 4813 788 4872 1.
808 4812 849 4872 N.
866 4813 947 4873 9519
970 4820 1047 4870 teste
1072 4809 1188 4881 Gudio)
1211 4816 1284 4868 nota
1305 4810 1413 4877 etium¹

305 4917 334 4975 in
350 4917 484 4975 locorum
503 4917 673 4976 nominibus
690 4917 814 4976 vetustis
831 4915 931 4991 Apina
945 4913 1086 4974 Dauniae
1105 4913 1240 4988 (Plinius
1256 4913 1273 4968 3
1291 4911 1308 4988 ᾗ
1323 4911 1395 4987 101)

305 4999 421 5095 Apiolis
443 5021 482 5079 ab
504 5021 590 5078 Anco
612 5021 671 5080 ium
692 5019 807 5078 eversis
831 5018 950 5094 (Livius
968 5018 994 5088 l,
1011 5017 1050 5076 35
1073 5033 1112 5074 ex
1128 5013 1252 5074 Valerio
1272 5015 1395 5073 Antiate

266 5121 268 5128 ’
306 5123 466 5182 secundum
482 5121 615 5182 Plinium
632 5123 649 5182 3
673 5120 760 5197 §70)
783 5121 912 5198 Apicilia
934 5119 1009 5196 (sita
1031 5118 1085 5178 illa
1104 5118 1182 5176 inter
1197 5114 1395 5176 Concordiam

306 5235 335 5286 et
348 5225 536 5302 Aquileiam3
557 5225 655 5284 itiner.
675 5222 878 5300 Hierosolym.
900 5242 930 5300 p.
947 5221 1007 5282 559
1022 5218 1136 5295 Wess.)
1156 5217 1394 5297 deprehenditur.

306 5329 352 5387 nd
374 5327 584 5407 Apscillanum
607 5325 766 5403 Apstidius
788 5325 926 5402 proxime
949 5323 1073 5384 accedit.

1150 5425 1168 5481 3
