3520 6006
547 685 656 738 sasnr
682 686 764 737 000.
792 685 920 735 usam.
1350 661 1395 733 97

90 859 136 916 5151
155 875 314 938 cognomen
337 859 417 918 dant
461 857 577 918 Ultima
597 859 697 918 littera
713 874 736 917 0
758 877 840 916 more
862 857 893 914 in
915 855 1042 934 lapideis
1064 855 1152 914 lastis
1174 855 1308 931 legitimo
1331 873 1399 930 sup·

89 979 178 1036 pressa
197 970 256 1031 est,
283 981 322 1020 ne
346 962 497 1038 scriptura
518 961 627 1020 lineam
650 961 815 1020 excederet.
858 957 911 1018 Sic
931 959 962 1017 in
985 956 1155 1036 capitolinis
1176 972 1311 1015 550οτ50
1327 987 1334 1002 ·
1348 973 1401 1016 ca·

89 1061 201 1134 monle,
222 1063 540 1135 ssoyrcln·svovs1n
564 1061 613 1140 (C.
630 1064 654 1122 Ι.
669 1063 705 1121 L.
725 1063 740 1120 1
762 1082 791 1140 p.
808 1059 899 1138 426),
927 1073 1016 1138 atque
1038 1061 1081 1118 ita
1101 1077 1199 1138 porro.
1245 1059 1285 1118 M.
1302 1059 1400 1118 Hora·
1431 1053 1436 1062 '

88 1165 146 1222 tium
166 1165 316 1224 consulem
339 1184 366 1222 a
384 1165 444 1224 305
467 1166 578 1242 duplici
594 1165 772 1243 cognomine
788 1181 874 1222 usum
892 1181 958 1222 esse
980 1163 1036 1221 boc
1057 1163 1186 1240 primum
1208 1173 1400 1220 monumento

87 1265 220 1324 discimus.
264 1267 362 1344 quue
390 1287 426 1324 eo
453 1269 549 1346 magis
575 1277 695 1344 praeter
722 1265 978 1342 exspectationem
1006 1265 1131 1337 accidit,
1163 1263 1244 1340 quod
1277 1263 1400 1323 alterius

87 1369 199 1426 eiusdem
220 1369 293 1426 anni
315 1369 451 1428 consulis
472 1367 509 1427 L.
521 1369 635 1430 Valerii
657 1389 748 1428 unum
771 1375 885 1426 tantum
908 1369 939 1427 hi
959 1367 1031 1427 lasti
1053 1385 1217 1445 cognomen
1240 1367 1401 1438 exhibent3

86 1487 158 1545 qoem
178 1469 366 1547 Poplicolam
389 1471 521 1530 Potitum
548 1485 616 1530 acta
641 1471 859 1549 triumphorum
885 1471 1039 1550 appellant
1066 1471 1101 1544 (l.
1118 1488 1142 1528 5
1164 1488 1194 1546 p.
1210 1467 1296 1544 454).
1341 1467 1401 1529 Sed
1451 1533 1457 1548 ι

86 1591 272 1650 quaecumque
294 1573 505 1644 5505515505,
528 1591 581 1632 cur
594 1573 735 1632 maiorem
751 1575 783 1632 in
798 1573 917 1634 Horatii
939 1591 1029 1650 quam
1050 1573 1081 1630 iu
1093 1571 1206 1630 Valerii
1229 1571 1401 1630 nominibus

85 1673 250 1750 diligentiam
274 1685 379 1734 auctor
401 1687 502 1734 noster
523 1677 723 1754 praestiterit,
751 1675 788 1734 de
809 1677 931 1753 reipsa
952 1683 982 1734 et
1003 1675 1040 1733 de
1061 1683 1180 1750 reperto
1202 1673 1313 1750 duplici
1337 1673 1401 1731 Ho-

85 1777 140 1834 ratii
158 1779 333 1855 cognomine
363 1777 474 1855 ambigi
501 1778 590 1856 plane
612 1777 723 1855 nequit.
766 1775 855 1837 Nunc
876 1779 966 1856 quale
988 1777 1064 1836 illud
1085 1794 1250 1854 cognomen
1273 1776 1329 1848 sit,
1358 1775 1401 1834 vi·

84 1877 199 1938 deamus.
229 1879 399 1956 Quaerenti
420 1899 585 1959 cognomen
606 1881 634 1939 in
650 1894 762 1939 550015
785 1879 925 1940 05510505
946 1880 1033 1958 plura
1054 1879 1156 1938 statim
1178 1887 1343 1948 occurrent,
1367 1885 1402 1936 ut
1505 1913 1507 1920 =

84 1997 207 2052 00555,
237 1997 398 2056 menstrua,
431 1983 557 2056 similia,
589 1983 643 2042 sed
674 2001 711 2042 ca
742 1983 969 2060 antiquissimae
1001 1983 1042 2042 M.
1067 1979 1189 2040 Horatii
1221 1981 1312 2039 aetati
1347 1980 1400 2039 rix

84 2084 145 2142 satis
178 2085 398 2144 convenientia
451 2083 538 2159 Quae
573 2084 713 2144 desinunt
747 2083 779 2142 in
815 2099 1037 2146 ....aa1tevs
1073 2083 1265 2161 cognomina,
1299 2081 1402 2140 Verri·

82 2203 142 2256 nus,
168 2185 336 2258 Turrinus,
367 2187 427 2246 alia
452 2187 572 2264 (neque
597 2187 677 2246 enim
707 2187 828 2264 singula
859 2185 1042 2264 persequor)
1071 2187 1279 2263 antiquitatem
1306 2185 1403 2260 magis

82 2287 208 2346 redolent.
255 2288 420 2348 Turrinnm
443 2289 600 2348 consulum
627 2288 698 2348 fasti
724 2289 852 2349 offerunt
873 2309 901 2348 a.
916 2311 945 2350 0.
962 2309 986 2348 c.
1003 2289 1073 2349 515.
1117 2287 1149 2346 Is
1178 2289 1210 2346 in
1232 2285 1404 2364 capitolinis

82 2389 177 2450 tabulis
192 2391 339 2449 scribitur
353 2407 372 2450 c
385 2422 392 2436 ·
404 2407 574 2450 0105οι55-
588 2406 630 2463 Q·
641 2407 657 2450 r
669 2421 676 2435 ·
690 2405 732 2462 Q·
745 2407 766 2450 n
780 2391 955 2451 Ι50551555
972 2391 1004 2468 (l.
1018 2409 1042 2449 c.
1060 2409 1088 2466 p.
1102 2389 1187 2466 435).
1221 2387 1288 2448 Η55
1303 2389 1403 2464 ipsum

82 2490 186 2550 Turriui
207 2511 378 2570 cognomen
399 2493 440 2552 ll.
456 2493 584 2552 Horatio
606 2513 634 2552 a.
657 2492 716 2552 305
743 2494 860 2554 5505511
887 2493 1029 2553 seriarum
1055 2492 1215 2550 latinarum
1237 2491 1405 2569 fragmenta

82 2610 134 2651 cnm
154 2594 286 2654 Diodori
309 2596 399 2654 siculi
420 2595 507 2655 lastis
529 2596 642 2654 collata
662 2613 730 2655 meo
752 2595 862 2656 iudicio
885 2597 1047 2656 vindicant.
1091 2593 1219 2652 Diodori
1243 2592 1328 2669 (XH,
1350 2591 1404 2668 26)

81 2696 226 2774 rodioes1)
251 2699 323 2758 anni
346 2698 406 2758 305
429 2697 568 2758 55050155
590 2699 647 2758 hoc
668 2699 773 2758 ordine
794 2707 922 2778 ponunt:

521 2860 791 2957 Kciyuoo'Opoe'rsoa

522 2967 642 3037 115ιῖ5555
663 2965 817 3060 Οὐαλέριος
835 2964 996 3058 Too'pmvos.
1060 3027 1065 3056 ,

84 3163 115 3221 ln
133 3164 252 3226 Horatii
274 3166 469 3243 praenomine
490 3186 574 3226 error
595 3167 789 3243 manifestos:
818 3165 869 3226 sed
892 3165 1026 3225 codicum
1048 3169 1196 3224 vetustate
1218 3173 1248 3223 et
1268 3163 1407 3224 librario-

82 3286 138 3324 rum
158 3269 279 3328 inscitia
302 3259 421 3344 Ka'asuor
441 3269 552 3330 lactum
575 3290 592 3330 e
610 3259 728 3353 Μάρκος
748 3288 837 3328 nemo
858 3269 974 3345 peritos
996 3267 1162 3326 mirabitur.
1193 3266 1289 3326 Multo
1311 3267 1407 3326 maior

83 3377 108 3425 et
125 3369 206 3429 onius
229 3389 291 3429 nou
313 3371 390 3430 adeo
412 3372 501 3449 plane
523 3371 608 3431 reddi
630 3371 707 3430 ratio
728 3371 826 3450 possit
847 3369 1018 3448 corruptela
1039 3377 1086 3428 est
1099 3369 1287 3448 cognominis
1301 3368 1337 3427 L.
1345 3367 1407 3426 Va-

82 3469 148 3544 lerii,
169 3473 221 3548 qui
244 3491 312 3532 cnm
333 3475 451 3534 Ποτῖτος
476 3473 619 3533 fueritin
641 3473 769 3533 Diodori
791 3473 945 3532 codicibus
967 3471 1076 3530 dicitur
1097 3463 1260 3553 Toriprrnor.
1294 3471 1407 3530 Verum

83 3572 105 3630 si
128 3575 261 3634 attendes
288 3565 441 3658 Too'prnvoc
466 3595 485 3634 5
506 3570 653 3660 Τουρῥῒνος
681 3575 731 3634 vix
757 3577 915 3652 quicquum
943 3573 1070 3646 distare,
1102 3573 1160 3632 hae
1185 3573 1313 3632 lectione
1340 3591 1407 3631 cum

82 3671 232 3734 latinarum
253 3677 343 3736 iestis
358 3677 476 3751 collata,
499 3679 616 3754 opinor,
638 3677 795 3754 intelleges
816 3677 958 3736 librarios
980 3675 1021 3734 Μ.
1037 3675 1157 3734 Horatii
1180 3693 1348 3754 cognomen
1369 3674 1407 3734 ad

82 3773 113 3832 L.
122 3775 273 3838 Valerium
295 3779 497 3852 transtulisse,
523 3787 552 3838 et
572 3780 605 3838 in
625 3779 762 3838 Diodoro
785 3768 900 3860 Μάρκος
919 3765 1051 3861 ‘Opoe'rasc
1072 3771 1228 3858 Τουρῥῖνος,
1256 3778 1286 3836 in
1309 3777 1408 3854 lapide

82 3893 272 3940 5505505
286 3883 421 3940 uit-ul·
435 3883 494 3940 l·n
521 3881 628 3940 155510
661 3899 730 3940 5555
762 3877 956 3940 restituenda.
1005 3877 1082 3938 Tam
1115 3899 1216 3938 rarum
1243 3897 1409 3957 cognomen

84 3979 264 4042 Hilariano
287 3984 317 4042 in
340 3985 408 4062 ipso
430 3984 559 4044 fortasse
581 3983 739 4043 consulatu
760 3983 954 4058 ettriumpho
970 3998 1038 4040 csse
1059 3979 1239 4040 adtributum
1262 3981 1409 4059 quaedam

83 4083 149 4140 mihi
170 4085 343 4144 coniectura
365 4087 527 4166 suggessit.
571 4086 629 4145 Ille
651 4085 730 4144 enim
752 4085 789 4144 de
805 4082 927 4145 Sabinis
950 4083 1159 4160 triumphavit;
1182 4093 1213 4142 et
1232 4085 1264 4142 in
1287 4081 1408 4144 Sabinis

84 4182 265 4246 latifundium
288 4197 335 4246 est
352 4187 446 4260 Torrt,
469 4187 623 4265 pelasgici,
646 4195 680 4246 ut
701 4185 841 4264 Nibbyus
863 4186 937 4257 vult,
960 4185 1064 4262 templi
1085 4186 1214 4262 aliisque
1235 4203 1407 4245 monumen·

85 4293 174 4344 torum
196 4289 292 4347 ruinis
320 4289 507 4349 nobilitatum
536 4288 663 4367 (Nibby,
689 4287 830 4348 Diatomi
856 4290 888 4347 di
908 4289 1000 4346 Roma
1021 4287 1045 4359 I,
1068 4287 1161 4364 538);
1188 4287 1272 4364 quod
1296 4288 1410 4346 Tbrrim

86 4399 112 4444 et
136 4393 275 4448 ciuitatem
300 4395 447 4468 antiquom
474 4391 564 4452 Gabis
591 4401 693 4451 vetera
719 4390 877 4450 Foriensis
906 4389 1041 4449 coenobii
1066 4389 1231 4465 diplomata
1257 4389 1412 4466 appellant

87 4487 238 4565 (Galletti,
265 4491 356 4552 Gallo
383 4497 479 4554 antica
505 4496 574 4554 cittd
600 4495 679 4553 della
702 4491 815 4552 Sabino
841 4503 974 4568 cooperta
1001 4511 1050 4550 oue
1075 4493 1089 4550 ὸ
1111 4509 1164 4550 ora
1189 4491 1286 4562 Torrt,
1314 4491 1412 4550 Roma

90 4591 186 4668 1757).
233 4591 344 4667 Quidni
364 4595 456 4672 igitur
477 4605 637 4673 utrumque
658 4595 717 4653 loci
740 4614 848 4654 nomen
870 4595 1025 4670 antiquum
1042 4595 1081 4652 sit
1103 4603 1131 4652 et
1150 4593 1191 4653 M.
1207 4593 1352 4652 Horatius
1375 4611 1411 4651 eo

88 4689 147 4750 loco
173 4692 302 4756 Sabinos
330 4697 455 4771 fuderit,
488 4697 660 4774 idcircoque
689 4697 839 4756 Turrinus
872 4696 997 4756 honoris
1030 4712 1122 4754 causa
1154 4695 1194 4753 sit
1221 4694 1410 4772 appellatus?

89 4790 160 4854 Huic
181 4807 279 4855 tamen
299 4799 489 4858 coniecturae
512 4799 680 4878 Dionysius
702 4809 733 4858 et
754 4797 861 4858 Livius
886 4817 991 4876 parum
1013 4797 1129 4870 lavent3
1158 4797 1209 4874 qui
1232 4795 1412 4858 Sabinorum

91 4903 182 4955 eastra
210 4897 288 4959 circa
307 4899 433 4960 Eretum
461 4901 576 4960 munita
602 4907 740 4971 narrant3
769 4899 876 4959 Turris
898 4921 972 4960 vero
993 4909 1108 4980 septem
1130 4899 1246 4960 circiter
1266 4917 1412 4978 passuum

90 4997 215 5058 millibus
237 5017 325 5080 supra
345 5003 469 5064 Eretum
492 5003 551 5063 sita
570 5003 670 5064 Roma
690 5001 812 5080 longius
833 5003 928 5062 abest

163 5274 188 5338 ι1
211 5273 421 5348 [Antiquissimns
440 5283 555 5334 omnium
574 5281 662 5334 Patmi
682 5294 764 5346 nuper
781 5289 897 5346 repertus
915 5279 966 5331 hoc
984 5281 1042 5331 loco
1062 5295 1078 5332 a
1095 5279 1244 5346 vulgaribus
1263 5293 1294 5330 eo
1314 5285 1413 5330 tautum

94 5365 203 5432 discedit,
225 5372 289 5448 quos
307 5373 344 5424 ut
363 5381 402 5424 sa
419 5362 511 5443 edyssa
531 5363 644 5445 optent.
687 5372 739 5424 ns.
752 5371 803 5437 0.]

1170 5459 1187 5518 l
