3520 6006
327 624 376 693 94
942 643 1047 716 aossr

327 824 397 891 post
413 813 483 875 Chr.
502 816 674 892 71-741),
699 813 920 892 lot-109²):
944 816 1101 875 columnas
1123 817 1198 875 duas
1221 818 1353 893 reliquas
1375 834 1513 875 seorsum
1534 817 1653 892 scriptas

327 918 457 976 nondum
479 918 568 977 certis
596 919 666 976 licet
693 919 780 977 annis
803 919 970 994 adsignare.
1015 917 1131 995 Elapso
1157 919 1265 977 iterum
1292 919 1400 996 integri
1429 937 1524 994 paene
1548 919 1654 976 saeculi

327 1020 500 1092 intervallo,
529 1039 597 1078 ecce
623 1020 700 1078 aliae
723 1021 929 1078 huiuscemodi
951 1021 1098 1079 fastorum
1119 1021 1278 1097 reliquiae,
1307 1022 1358 1079 sed
1381 1021 1503 1080 meliore
1527 1019 1653 1079 nondum

328 1124 435 1195 sidere,
458 1123 614 1198 prodeunt.
652 1123 702 1180 Ad
724 1141 819 1181 annos
842 1123 990 1199 pertinent
1011 1124 1049 1180 ab
1072 1143 1100 1180 ιι.
1116 1142 1140 1181 c.
1158 1123 1334 1193 aot-306,
1357 1123 1532 1195 ast—542,
1557 1125 1653 1182 551-

329 1225 399 1296 554,
423 1243 451 1300 p.
469 1223 539 1284 Chr.
556 1225 690 1284 40-43.
721 1223 886 1284 Praeterea
906 1225 1008 1302 plures
1031 1225 1140 1284 diversi
1162 1226 1280 1303 generis
1300 1225 1511 1302 inscriptiones
1528 1227 1566 1283 ad
1581 1226 1656 1284 Iovis

327 1325 442 1384 latiaris
464 1327 608 1403 templum
630 1327 812 1404 pertinentes
834 1327 994 1386 latinarum
1016 1328 1194 1404 fragmentis
1217 1339 1302 1387 eraut
1323 1329 1500 1405 permixtae.
1546 1325 1658 1386 Cuncta

327 1430 401 1488 haec
423 1447 517 1505 nuper
538 1429 661 1487 inventa
682 1429 775 1486 edidit
794 1428 957 1487 Henzenus
981 1429 1077 1505 (Ball.
1094 1429 1160 1488 delt'
1177 1431 1230 1488 Ist.
1248 1431 1339 1502 1870,
1364 1428 1560 1506 lta-137),
1583 1448 1658 1487 com·

328 1531 474 1588 mensurio
498 1532 617 1589 ornavit
639 1531 844 1589 Mommsenus
868 1529 1003 1607 (Hermes
1019 1531 1057 1602 V,
1081 1531 1270 1609 378-381),
1291 1533 1438 1592 fastorum
1461 1540 1565 1607 partes
1587 1534 1658 1589 anti-

328 1633 449 1708 quiores
476 1633 573 1709 primo
601 1633 690 1692 huius
715 1633 914 1718 ephemeridis
942 1633 1087 1692 fasciculo
1114 1635 1241 1692 inseruit
1266 1633 1456 1692 Bormannus
1484 1655 1514 1712 p.
1539 1633 1590 1707 42,
1614 1635 1657 1692 43.

329 1733 388 1795 Sed
403 1735 567 1794 frustulum
582 1735 713 1794 omnium
736 1735 1029 1810 praestantissimum
1053 1735 1090 1794 ad
1106 1755 1201 1796 annos
1224 1738 1377 1813 pertinens
1394 1735 1572 1807 aot-306,
1595 1736 1659 1794 darn

327 1838 450 1914 antiqua
472 1856 621 1896 marmora
645 1855 684 1894 ex
706 1838 821 1896 horreis
844 1857 967 1914 operum
996 1839 1183 1914 publicorum
1213 1839 1245 1897 in
1266 1839 1438 1897 Palatinum
1460 1847 1660 1915 asportantur,

328 1941 429 1998 nescio
451 1958 512 2016 quo
534 1959 606 1999 casu
629 1940 784 2016 delapsam
806 1939 853 1997 vel
879 1940 909 1997 in
932 1941 1042 2018 angulo
1065 1941 1249 2014 derelictum,
1277 1942 1371 2000 multa
1393 1941 1500 1999 deinde
1522 1961 1597 2000 cura
1617 1960 1661 1998 mc

327 2042 480 2119 flagitante
507 2043 676 2119 quaesitum
706 2041 831 2118 reperiri
861 2062 921 2101 non
949 2045 1055 2119 potuit.
1099 2041 1209 2102 Cetera
1229 2063 1325 2120 nuper
1346 2044 1469 2102 iuventa
1493 2043 1662 2120 fragmenta

326 2144 358 2203 in
380 2144 520 2204 Palatino
542 2152 708 2204 servantur.

412 2246 501 2305 Brevi
524 2247 580 2304 hac
602 2247 772 2306 narratione
794 2247 893 2324 palam
916 2248 950 2306 fit
971 2249 1075 2326 templi
1090 2248 1172 2306 Iovis
1193 2248 1309 2307 latiaris
1332 2249 1435 2306 ruinas
1457 2247 1592 2306 fortuitis
1614 2265 1658 2304 ca·

328 2350 410 2408 sibus
425 2349 517 2408 variis
532 2359 699 2426 temporum
718 2351 886 2408 intervallis
909 2359 1079 2428 temptatas,
1102 2333 1255 2427 nunquam
1271 2369 1337 2410 csse
1352 2350 1455 2408 ordine
1470 2350 1660 2427 exploratas:

327 2453 587 2526 litteratorumque
610 2451 745 2528 lapidum
767 2471 825 2510 non
843 2453 983 2510 minimas
1003 2453 1091 2510 facilc
1114 2462 1214 2528 partes
1236 2453 1331 2511 ruinis
1354 2453 1416 2511 illis
1431 2453 1559 2510 obrutas
1576 2453 1661 2510 etiarn

287 2629 292 2632 -
328 2573 406 2612 nuno
428 2554 612 2612 delitescere.
656 2551 756 2626 Quare
778 2563 808 2612 et
828 2554 991 2614 chzenus
1013 2563 1043 2612 et
1065 2572 1130 2631 ega,
1154 2555 1265 2614 oblatis
1288 2575 1307 2612 a
1328 2555 1519 2613 Berolinensi
1545 2571 1662 2631 quoque

328 2656 482 2714 academia
503 2655 662 2727 subsidiis,
688 2656 846 2731 diligenter
868 2657 1000 2732 egimus,
1028 2669 1061 2714 ut
1082 2657 1193 2732 optatis
1214 2658 1400 2716 fossionibus
1422 2676 1512 2732 quam
1536 2657 1662 2732 primum

328 2776 435 2816 manus
451 2757 691 2816 admoverentur.
724 2758 941 2817 Possessorum
963 2767 1061 2818 autern
1084 2759 1149 2816 eius
1171 2759 1230 2818 loci
1252 2760 1319 2816 iura
1341 2779 1376 2817 eo
1391 2777 1470 2816 nunc
1485 2767 1571 2816 statu
1586 2769 1662 2828 sunt,

328 2871 361 2918 ut
381 2861 438 2918 hac
460 2861 497 2918 de
517 2879 551 2918 re
572 2859 698 2936 transigi
721 2862 841 2920 omnino
864 2872 1005 2938 nequeat3
1033 2862 1136 2937 itaque
1158 2863 1304 2938 patientia
1327 2861 1467 2920 utendum
1490 2861 1663 2919 necessario

329 2963 376 3020 sit.
412 2961 515 3020 Dilato
537 2963 567 3020 in
589 2962 735 3020 incertum
757 2971 877 3039 tompus
899 2973 961 3022 tam
983 2964 1148 3040 probabilis
1170 2963 1389 3039 expectationis
1412 2981 1568 3034 successu,
1592 2981 1663 3020 non-

330 3064 407 3123 nihil
427 3065 545 3122 interim
569 3074 625 3136 est,
647 3083 707 3141 quo
729 3065 889 3124 latinarum
911 3065 1053 3124 feriarum
1073 3067 1168 3126 fastos
1184 3085 1312 3144 augeam
1327 3083 1490 3143 eorumque
1505 3065 1663 3124 historiam

331 3167 522 3242 aliquatenus
543 3168 701 3226 illustrem.

413 3267 576 3328 Henzenus
598 3268 618 3326 l.
634 3287 659 3327 c.
682 3289 711 3346 p.
730 3269 833 3340 135,6
855 3270 1055 3348 fragmentum
1079 3271 1169 3346 dedit,
1192 3271 1277 3330 cuius
1299 3271 1331 3329 in
1346 3269 1539 3347 ephemeride
1562 3279 1665 3329 nostra

331 3371 414 3430 nulla
435 3371 539 3430 habita
559 3371 636 3429 ratio
658 3383 721 3430 est:
744 3370 781 3429 de
803 3389 838 3428 eo
860 3373 972 3449 quippe
992 3373 1217 3452 interpretando
1240 3391 1387 3450 suumque
1407 3373 1438 3430 in
1453 3373 1557 3432 locum
1580 3372 1664 3430 resti·

331 3473 443 3532 tuendo
466 3490 561 3550 sagax
583 3474 679 3532 editor
701 3473 927 3551 desperaverat:

791 3703 1197 3746 ava-avrea
1306 3735 1312 3744 .

760 3789 1227 3848 earnwscum·

748 3889 1304 3950 acalasnnls'rarav

855 3979 1088 4052 edessanas
1171 4011 1305 4052 rara

996 4111 1049 4152 aa
1172 4111 1340 4154 rarat

332 4279 521 4338 Vocabulum
545 4279 664 4356 quidem
686 4281 843 4339 scribendis
865 4281 911 4339 his
934 4281 1094 4356 repetitum
1120 4279 1160 4339 ad
1182 4283 1352 4340 decemuiros
1379 4279 1486 4355 legibus
1509 4279 1666 4338 scribendis

331 4383 481 4458 pertinere
502 4381 664 4440 Henaeuus
691 4383 780 4440 vidit:
816 4383 869 4440 sed
896 4383 1048 4459 negotium
1075 4383 1266 4442 facessebant
1292 4394 1452 4458 sequentes
1477 4381 1508 4440 in
1536 4381 1666 4458 singulis

333 4485 468 4542 versibus
491 4484 609 4542 litterae
629 4499 719 4542 rarav
732 4529 739 4543 .
753 4527 781 4542 ..
825 4483 862 4542 In
884 4485 1070 4543 decemviros
1092 4485 1249 4543 tribunicia
1271 4490 1406 4562 potestas
1428 4483 1591 4542 convenire
1613 4483 1666 4542 mi·

333 4651 537 4660 ———-—-

412 4773 435 4838 ¹)
455 4777 488 4826 V.
502 4774 637 4840 Borghesi,
659 4777 791 4840 oppVII,
813 4775 874 4825 572.
891 4775 952 4826 573.

409 4864 433 4928 ²)
459 4867 530 4928 Quos
549 4867 728 4918 Mommsenus
747 4865 864 4930 (Hermes
874 4869 907 4930 V,
928 4869 991 4930 371)
1012 4883 1093 4918 annos
1113 4867 1181 4918 dixit
1204 4875 1249 4918 aut
1269 4869 1419 4918 106-109
1444 4873 1490 4918 aut
1511 4867 1665 4924 107-110,

333 4973 381 5024 ego
406 4959 458 5008 illis
482 4959 621 5023 adscripsi,
647 4960 752 5008 edoctus
772 4959 914 5024 diplomate
933 4961 1040 5010 militari
1063 4961 1125 5010 anni
1147 4962 1213 5022 107,
1239 4961 1271 5010 de
1291 4976 1342 5025 quo
1361 4959 1458 5010 Reuier
1476 4959 1511 5008 ad
1529 4957 1666 5023 Borghesii

332 5051 538 5116 opp.vt11,5o,
558 5052 744 5116 Waddington,
765 5049 862 5120 Foetes
876 5052 1015 5118 aetatiquea
1034 5067 1058 5116 p.
1075 5053 1136 5102 198.
1169 5053 1229 5102 Non
1249 5067 1290 5102 me
1309 5052 1434 5116 praeterit
1453 5051 1504 5100 boc
1523 5053 1608 5116 ipsum
1628 5050 1665 5098 di-

331 5143 418 5207 ploma
438 5158 506 5192 anno
528 5145 578 5194 10³
600 5143 799 5201 aMommseuo
817 5144 948 5207 adsignari
972 5144 1012 5206 (C.
1027 5146 1048 5194 I.
1062 5146 1092 5196 L.
1112 5145 1154 5194 111
1173 5161 1199 5210 p.
1214 5145 1291 5206 866):
1319 5145 1365 5194 scd
1385 5144 1514 5208 quomodo
1540 5144 1667 5192 isannes

332 5241 393 5286 cunt
408 5236 459 5285 XI.
478 5235 632 5286 tribuniciae
650 5237 784 5300 potestatis
804 5235 912 5286 Traiani
938 5238 1020 5301 possit
1039 5237 1161 5302 componi
1181 5237 1288 5286 minime
1309 5237 1425 5302 intelligo
1447 5233 1492 5300 (cf.
1511 5236 1621 5286 Henaeu
1639 5234 1665 5283 in

332 5323 403 5378 Ball.
423 5317 486 5378 dett*
509 5324 555 5378 Ist.
577 5329 647 5379 1872
667 5344 693 5395 p.
709 5327 763 5391 51).
803 5325 907 5390 [Errant
927 5343 983 5394 ego.
1022 5329 1073 5380 Ta.
1087 5325 1138 5391 Μ.]
