3548 6012
344 591 391 662 26
771 637 773 644 ,
937 605 1088 666 abanan

342 786 442 862 iisque
476 787 585 862 partim
614 788 714 847 dubiis
741 798 914 861 versantur3
949 807 1043 864 quare
1074 789 1156 865 leges
1185 807 1260 866 quas
1286 789 1355 847 inde
1383 789 1527 848 deducere
1557 789 1676 848 student
1765 785 1766 868 3

344 889 497 965 generales
523 907 629 963 parurn
655 898 753 949 certae
781 898 860 950 sunt.
906 889 995 964 Quod
1022 891 1118 967 siquis
1140 891 1243 950 vitium
1265 891 1387 950 omnino
1410 892 1504 950 vitare
1527 893 1625 964 volet,
1651 893 1676 949 ei
1765 913 1766 976 j

343 1011 363 1050 a
383 991 609 1067 quaestionibus
629 993 876 1070 onomatologicis
899 1013 977 1052 nunc
1000 995 1118 1071 quidem
1142 1011 1267 1070 prorsus
1290 994 1499 1052 abstinendum
1521 1003 1577 1054 est.
1623 993 1676 1052 Ni·
1765 1005 1766 1008 ’

343 1093 406 1150 hilo
428 1112 500 1151 vero
527 1093 620 1153 setius
642 1096 739 1154 visum
767 1097 840 1154 mihi
868 1105 915 1156 est
937 1116 953 1155 e
975 1116 1008 1155 re
1030 1115 1098 1156 esse
1124 1117 1163 1155 ex
1185 1095 1293 1155 studiis
1315 1097 1388 1154 olim
1410 1097 1559 1156 incohatis
1582 1114 1677 1172 neque

345 1213 415 1253 vcro
442 1213 571 1272 unquam
599 1198 742 1274 sepositis
769 1199 799 1256 in
827 1199 981 1275 singulare
1003 1199 1153 1274 quoddam
1175 1200 1328 1258 nominum
1349 1217 1444 1276 genus
1466 1199 1677 1257 illustrandum
1765 1237 1766 1248 .

343 1298 415 1374 quid
437 1297 603 1358 redundare
625 1301 722 1376 possit
737 1301 874 1360 utilitatis
888 1301 999 1360 iudicio
1014 1301 1176 1378 peritorum
1192 1301 1337 1372 subicere,
1359 1301 1475 1360 etiamsi
1490 1301 1677 1376 quaestionis
1765 1305 1766 1370 ἦ

343 1399 569 1460 fundamentum
591 1421 652 1460 non
673 1420 768 1479 usque
791 1421 910 1480 quaque
931 1403 1050 1462 firmum
1072 1413 1102 1462 et
1123 1403 1294 1463 absolutum
1316 1421 1383 1461 esse
1405 1421 1464 1462 non
1485 1405 1604 1479 ignoro.
1765 1477 1766 1492 .

427 1500 517 1576 Quod
537 1506 724 1580 grammatici
746 1505 854 1564 docent
875 1506 997 1565 nomina
1013 1507 1165 1582 gentilicia
1178 1505 1317 1564 Romana
1335 1507 1365 1564 in
1381 1509 1426 1564 iae
1445 1505 1571 1564 formari
1587 1506 1680 1564 solita
1765 1493 1766 1562 3

344 1622 426 1678 esse,
450 1605 481 1664 id
508 1623 564 1664 usu
587 1607 705 1683 quoque
727 1609 915 1686 comprobari
938 1616 1040 1668 notum
1062 1616 1124 1680 est;
1150 1627 1218 1666 nam
1241 1609 1363 1666 nomina
1384 1608 1516 1684 gentium
1538 1608 1679 1684 patricia·
1765 1605 1766 1686 3

342 1727 409 1767 rum
436 1717 585 1785 quotquot
605 1711 744 1770 novimus
765 1711 848 1770 nullo
871 1721 1013 1788 excepto,
1039 1711 1111 1769 item
1132 1711 1297 1770 nobilitatis
1320 1709 1456 1786 plebeiae
1478 1715 1595 1768 tantum
1617 1731 1680 1768 non
1765 1745 1766 1790 l

343 1812 445 1870 omnia
465 1813 498 1870 in
518 1816 563 1870 iae
585 1811 832 1890 terminantur1).
866 1813 982 1872 Tamen
1004 1821 1122 1890 praeter
1143 1813 1287 1872 suffixum
1308 1812 1389 1888 quod
1410 1822 1458 1871 est
1477 1816 1522 1870 ius
1545 1812 1680 1887 (amajo,

344 1923 378 1972 ut
403 1933 469 1973 cum
496 1915 706 1992 grammaticae
732 1923 922 1992 comparatae
947 1915 1120 1976 doctoribus
1142 1914 1312 1992 loquamur)
1339 1932 1416 1990 quae
1443 1914 1534 1973 etiam
1561 1915 1682 1991 origine
1765 1935 1766 2004 3

343 2017 381 2074 ab
407 2018 474 2094 ipso
501 2037 562 2078 non
588 2018 708 2078 diversa
729 2018 866 2078 videntur
887 2018 983 2077 fuisse
1004 2037 1072 2077 aeus
1096 2017 1190 2094 (quod
1212 2016 1377 2093 antiquitus
1399 2021 1464 2075 aiae
1487 2017 1559 2088 fuit,
1587 2015 1681 2078 Oscis
1765 2021 1766 2078 5

342 2119 470 2178 fortasse
493 2139 578 2194 aeas,
605 2121 715 2180 rustice
737 2121 805 2196 eas)
833 2130 863 2179 et
884 2124 944 2179 cius
967 2119 1078 2178 suffixa
1103 2121 1186 2179 omni
1207 2129 1342 2197 tempore
1362 2119 1585 2196 gentilitiorum
1607 2140 1682 2197 pro·

343 2221 411 2298 pria
431 2223 564 2294 fuerunt,
587 2231 619 2282 ut
640 2226 671 2283 in
687 2225 824 2283 Annaeus
840 2223 995 2300 Poppaeus
1017 2233 1048 2282 et
1063 2221 1204 2280 Lucceius
1220 2221 1370 2298 Pompeiae
1394 2239 1460 2280 oum
1478 2221 1682 2298 similibus2).
1765 2255 1766 2304 3

344 2321 403 2383 Sed
425 2343 462 2382 ne
484 2325 516 2383 in
537 2327 594 2384 hac
617 2327 738 2404 quidem
761 2345 829 2384 aeae
852 2329 910 2384 eine
932 2327 977 2383 ias
1000 2325 1177 2382 suffixorum
1201 2333 1394 2401 cognatorum
1417 2324 1562 2384 varietate
1583 2328 1683 2403 genti·
1765 2307 1766 2396 3

343 2427 478 2486 liciorum
502 2429 655 2488 nominum
677 2428 816 2487 formatio
838 2445 905 2486 sese
928 2427 1083 2486 continuit.
1115 2425 1159 2486 Ut
1180 2444 1274 2485 novae
1296 2445 1416 2502 semper
1436 2435 1541 2504 gentes
1563 2430 1684 2489 nomini
1765 2403 1766 2492 3

342 2528 453 2588 Latino
479 2540 670 2590 accesserunt
697 2531 826 2607 indeque
850 2529 1008 2606 paullatim
1035 2529 1181 2588 succrevit
1207 2529 1337 2606 populus
1359 2529 1514 2588 Romanus
1541 2548 1597 2606 per
1617 2531 1685 2590 lta·

344 2631 415 2690 liam
442 2641 472 2691 et
493 2643 580 2691 extra
601 2653 666 2692 eam
689 2635 720 2691 in
741 2633 914 2710 prouincias
937 2648 1075 2709 sparsus,
1103 2632 1147 2690 ita
1167 2649 1264 2690 novae
1285 2641 1467 2708 propagatae
1490 2640 1562 2691 sunt
1583 2635 1685 2710 genti·

343 2733 481 2792 liciorum
503 2735 655 2794 nominum
677 2737 801 2808 formae,
824 2753 910 2812 quae,
933 2743 967 2792 ut
987 2734 1058 2792 illas
1080 2733 1200 2812 proprie
1222 2731 1350 2792 Latinas
1372 2734 1470 2793 dicere
1491 2733 1571 2806 licet,
1593 2754 1686 2812 pere·
1765 2711 1766 2764 3

343 2837 447 2914 grinae
472 2837 592 2912 quidem
614 2838 733 2896 luerunt
754 2838 884 2914 origine,
913 2837 965 2895 sed
988 2845 1087 2896 tamen
1108 2836 1214 2895 eodem
1237 2843 1328 2912 atque
1349 2835 1419 2894 illae
1441 2837 1505 2895 iure
1527 2839 1685 2898 communi
1765 2831 1766 2850 ³

343 2956 400 2997 usu
420 2947 566 3015 receptae.
603 2940 651 2998 Ita
666 2939 785 2998 Tuscae
808 2939 933 3016 originis
955 2939 1076 2997 nomina
1097 2940 1236 2997 novimus
1259 2938 1289 2996 in
1311 2956 1380 2996 erno
1402 2937 1496 3016 (quod
1511 2957 1588 2998 arna
1603 2943 1685 3000 anti·

345 3042 447 3116 quitus
470 3041 526 3099 fuit
548 3052 580 3100 ut
600 3041 632 3100 in
647 3041 816 3119 Mastamo)
839 3049 870 3100 et
891 3061 974 3112 enne,
996 3041 1088 3100 veluti
1104 3040 1254 3118 Perperna
1272 3041 1432 3116 Tapaenna,
1455 3059 1594 3118 quaeque
1613 3061 1683 3102 cum

345 3143 481 3203 his¹arte
502 3143 660 3202 coniuncta
682 3145 802 3203 suntin
823 3149 874 3203 ina
896 3159 925 3202 et
947 3149 1026 3217 inno,
1049 3143 1132 3202 velut
1156 3135 1287 3202 Caecina
1298 3141 1462 3220 Spariana3
1485 3141 1632 3204 Umbriae
1657 3154 1688 3205 et

347 3243 527 3304 Sabinorum
553 3246 677 3324 propria
702 3255 771 3305 sunt
797 3247 925 3305 formata
949 3245 980 3304 in
1003 3264 1076 3304 anas
1099 3264 1166 3304 enos
1193 3245 1288 3321 (quod
1315 3245 1479 3322 antiquitus
1503 3245 1562 3306 fuit
1583 3253 1686 3308 anatis

346 3343 451 3422 matis)
474 3356 503 3406 et
523 3352 588 3407 inas
611 3348 737 3425 (lautis),
760 3349 844 3408 cuius
866 3347 983 3426 generis
1006 3348 1095 3406 etiam
1118 3347 1298 3426 cognomina
1319 3348 1466 3407 nonnulla
1486 3349 1518 3407 in
1540 3367 1599 3410 usu
1619 3351 1687 3410 fua·

345 3449 466 3525 runt3).
498 3449 655 3510 Accedunt
675 3453 790 3510 rariora
812 3451 959 3528 quaedam
981 3451 1013 3509 in
1035 3448 1251 3520 ocerannus,
1274 3451 1305 3508 in
1325 3453 1386 3508 icas
1400 3450 1524 3509 Africae
1545 3460 1577 3510 et
1591 3449 1687 3513 Lusi·

346 3553 445 3612 taniae
467 3552 599 3630 proprie,
622 3553 705 3612 velut
727 3555 886 3612 Auidiaena
912 3553 1062 3612 Caturioas
1084 3553 1245 3629 Papueicns
1269 3551 1476 3612 Sammonicus.

429 3655 530 3730 Atque
558 3655 596 3712 ab
624 3655 801 3732 oppidorum
828 3655 998 3714 nominibus
1025 3653 1159 3712 derivata
1185 3671 1252 3714 esse
1279 3655 1400 3713 nomina
1424 3655 1455 3713 in
1478 3673 1551 3713 anae
1579 3653 1686 3731 (cuius

347 3756 443 3815 solum
465 3757 594 3816 innotuit
615 3759 784 3834 exemplum
805 3757 944 3831 Mesenae
967 3754 1061 3814 Orell.
1078 3756 1174 3832 4080)
1197 3775 1265 3814 enas
1288 3761 1354 3816 inas
1377 3756 1510 3834 (Adenae
1530 3757 1687 3834 Asprenas
1765 3791 1766 3794 ι

351 3857 492 3917 Carrinas
514 3859 651 3936 Felpr'nas
674 3861 802 3919 maenae
825 3859 966 3935 Flelpr'noa
988 3857 1118 3918 Larr'nes
1139 3858 1292 3918 Maecenas
1316 3858 1456 3919 Sassinaa
1471 3861 1608 3922 Sentinas
1626 3859 1686 3920 Se·
1765 3849 1766 3864 .

340 3963 429 4036 senas
456 3961 581 4021 Somnos
606 3959 749 4039 *Usenaa
776 3963 884 4038 quibus
912 3961 1000 4019 etiam
1029 3960 1254 4018 adnumeranda
1282 3970 1354 4020 eunt
1382 3961 1488 4021 Antias
1517 3974 1547 4021 et
1575 3962 1687 4022 Menas

347 4064 474 4124 Menates
497 4061 747 4124 c.1.L.1633
777 4075 807 4122 et
826 4063 1009 4124 Umbrorum
1035 4062 1177 4138 Copidas)
1205 4073 1257 4120 aut
1278 4081 1332 4138 per
1353 4081 1385 4122 se
1407 4073 1504 4140 patet,
1531 4083 1599 4123 cum
1629 4085 1686 4143 op·
1765 4087 1766 4100 ¹

347 4165 418 4242 pida
439 4166 516 4225 unde
538 4167 710 4226 derivantur
732 4175 804 4224 nota
825 4167 899 4230 sint.
922 4175 974 4223 aut
995 4183 1139 4240 perquam
1163 4165 1316 4241 probabile
1338 4173 1393 4236 est,
1415 4167 1593 4243 praesertim
1613 4185 1686 4226 cum

346 4269 423 4328 idem
445 4269 557 4328 indicet
577 4268 723 4328 Varronis
746 4268 949 4328 testimonium
972 4267 1024 4344 (dc
1045 4267 1065 4325 l.
1080 4267 1117 4326 L.
1141 4268 1252 4327 dextr.
1275 4269 1339 4326 dinc
1360 4286 1471 4344 quoque
1492 4269 1545 4326 illa
1565 4275 1687 4328 nomina

346 4367 459 4430 Lesas*
485 4369 591 4445 Wenas
617 4372 757 4432 Carrinas
781 4372 952 4440 Moeteana
981 4387 1054 4446 qaae
1075 4389 1138 4429 earn
1159 4381 1250 4429 essent
1269 4371 1306 4428 ab
1330 4370 1405 4441 loeo,
1432 4379 1465 4428 at
1490 4369 1634 4443 Urbinas,
1658 4382 1688 4430 et
1765 4383 1766 4388 ’

346 4493 422 4552 quae
449 4474 613 4551 secuntur).
657 4473 805 4532 Videntur
830 4473 922 4550 igitur
948 4473 1083 4531 homines
1110 4491 1150 4531 ox
1175 4472 1295 4550 oppidis
1320 4471 1383 4531 illis
1411 4471 1528 4530 oriundi
1555 4473 1687 4550 originis
1765 4457 1766 4474 ἢ

345 4576 556 4635 indicationem
578 4595 633 4654 pro
655 4575 786 4635 familiae
808 4576 927 4634 nomine
949 4575 980 4634 in
1001 4581 1138 4652 posteros
1153 4574 1382 4653 propagatim,
1402 4573 1535 4635 fortasse
1550 4583 1583 4633 ut
1597 4586 1686 4651 post·
1765 4617 1766 4660 3

425 4845 448 4908 ¹)
476 4846 545 4896 Vide
563 4845 720 4896 Mommseni
737 4845 837 4896 indices
854 4846 882 4894 in
902 4851 999 4910 quaest.
1020 4841 1123 4896 Romi
1140 4861 1165 4908 p.
1183 4846 1277 4894 107ss.
1344 4839 1346 4842 ’

424 4935 449 5002 ²)
477 4937 550 5000 Quae
569 4939 704 4988 nonsatis
723 4945 841 4988 accurate
859 4938 978 4987 distinxit
996 4937 1019 4986 is
1038 4937 1081 5002 qui
1101 4952 1182 5001 nuper
1198 4937 1224 4986 in
1243 4935 1407 4986 formationis
1427 4936 1482 4984 cius
1494 4935 1598 5000 generis
1610 4937 1685 5002 leges
1765 4929 1766 4954 ³

347 5032 480 5098 inquisivit
498 5032 553 5082 Leo
572 5029 682 5095 Meyer
700 5031 884 5094 grammaticae
903 5028 1020 5080 Graecae
1041 5035 1066 5079 et
1084 5029 1193 5080 Latinae
1212 5034 1378 5093 comparatae
1398 5029 1413 5077 2
1432 5043 1458 5092 p.
1473 5029 1569 5078 ddbss.
1765 5025 1766 5036 ¹

424 5121 449 5186 ³)
475 5125 573 5174 Eorum
596 5137 719 5187 generum
741 5121 862 5186 exempla
880 5136 946 5187 quae
964 5129 1028 5172 ante
1043 5120 1090 5170 hos
1110 5121 1202 5186 viginti
1222 5135 1304 5170 annos
1323 5122 1457 5185 composui
1475 5121 1503 5170 in
1522 5121 1683 5185 quaestioni·
1765 5185 1766 5198 .

347 5217 394 5267 bos
413 5215 627 5281 onomatologiois
648 5215 766 5276 (Bonnae
787 5215 859 5266 1854
879 5213 914 5276 8.)
934 5229 986 5264 nou
1005 5214 1093 5279 paucis
1112 5213 1200 5279 augeri
1220 5227 1287 5264 nuuc
1306 5219 1414 5277 possunt
1433 5218 1459 5262 et
1477 5213 1505 5264 in
1524 5213 1683 5278 quibusdam
1765 5245 1766 5286 3

325 5380 329 5386 .
348 5309 493 5372 emendari;
512 5315 541 5358 ut
559 5315 757 5359 consentaneum
777 5315 823 5358 est.
1765 5289 1766 5312 ἶ
