3548 6012
517 675 674 737 stssr.
695 675 913 728 onnusnon.
933 677 958 726 1.
1354 656 1402 728 35

957 779 1403 788 ——--—--.-—-—-—--—--

321 846 352 906 C.
370 847 542 924 Calpetanus
557 848 681 907 Bantius
702 849 863 920 Quirinmia
884 849 1015 908 Valerius
1029 849 1133 908 Festus
1156 849 1202 906 vir
1223 849 1322 908 claros
1338 851 1403 909 aevi

399 949 577 1028 Vespasiani
600 971 639 1009 ex
654 949 761 1010 Tacito
783 951 946 1027 multisque
970 951 1064 1010 titulis
1087 961 1191 1024 notus3
1214 970 1290 1028 quae
1305 951 1406 1010 omnia

399 1052 511 1112 indicat
531 1053 711 1112 Mommseni
732 1053 823 1112 index
845 1053 1004 1112 Plinianos
1027 1075 1056 1131 p.
1073 1052 1143 1112 427.

320 1155 348 1214 G.
368 1153 544 1232 Calpetanus
562 1155 687 1214 Tleorua
709 1155 824 1216 Romae
846 1155 871 1215 Ι.
888 1155 926 1215 N.
944 1155 1025 1214 6769
1041 1157 1074 1216 11
1095 1157 1125 1216 in
1146 1156 1290 1216 laterculo
1310 1157 1405 1216 tribu-

253 1331 261 1338 ,
398 1257 469 1315 lium
488 1258 588 1317 ,tribus
611 1257 785 1319 Sucusanae
807 1277 835 1318 a.
853 1259 901 1316 70.

320 1357 351 1418 e.
368 1342 543 1437 Calpercnus
559 1360 642 1419 mor
663 1363 694 1419 sn
708 1361 818 1439 tegulis
842 1379 869 1420 a.
889 1361 945 1418 147
970 1361 1051 1437 apud
1065 1362 1226 1420 Marinum
1242 1364 1316 1420 ΑΝ.
1336 1363 1404 1420 144.

319 1461 348 1520 C.
365 1461 571 1538 Ca[l]petanue
586 1461 730 1522 Liuianus
746 1463 776 1521 io
792 1464 934 1522 mortario
951 1464 1135 1541 Pompeiano
1151 1465 1175 1523 Ι.
1192 1462 1232 1523 N.
1250 1463 1341 1533 6703,
1357 1465 1404 1522 17.

356 1563 398 1622 Hi
420 1575 482 1624 tres
505 1565 610 1624 ultimo
633 1565 699 1624 loco
721 1565 793 1624 dicti
815 1565 853 1626 ad
875 1565 1042 1624 clientelam
1065 1565 1171 1624 domus
1187 1566 1301 1626 Valerii
1321 1565 1406 1625 Festi

316 1677 443 1741 possunt
464 1668 656 1743 pertinuisse.

317 1767 404 1842 Quod
431 1769 463 1827 in
486 1768 644 1847 Calpetani
673 1772 794 1830 nominc
816 1771 895 1829 inest
917 1781 943 1830 et
965 1770 1107 1830 suffixum
1130 1771 1406 1846 frequentissimum

316 1883 362 1930 est
382 1872 413 1930 in
435 1873 604 1931 nominibus
619 1873 829 1951 geographicis
845 1873 1021 1950 Hispaniae,
1044 1873 1137 1932 veluti
1152 1874 1183 1931 in
1202 1871 1297 1932 Callet
1313 1873 1405 1946 Osset,

315 1974 409 2033 Edeta
436 1975 574 2047 Toletum,
599 1975 738 2052 Ilergetes
759 1976 920 2052 Inclipetee,
947 1978 1111 2035 Ausetanus
1133 1975 1309 2035 Bastetanae
1334 1975 1407 2036 Car-

312 2087 435 2154 petanus
466 2075 637 2136 Cerretanus
662 2077 829 2138 Cerretanus
855 2078 1024 2138 Iaccetunue
1050 2077 1215 2138 Laeetanus
1243 2077 1406 2137 Laletanae

317 2178 372 2254 (de
399 2179 509 2255 quibus
537 2180 600 2238 dixi
628 2179 796 2239 HermaeI
822 2201 851 2258 p.
877 2179 1002 2256 377ss.)
1029 2179 1220 2240 Mauretania
1248 2178 1406 2239 Sedetanus

317 2281 507 2340 Suessetanae
533 2283 727 2354 Turdetanue3
757 2283 870 2344 similia
898 2283 988 2342 etiam
1016 2283 1162 2341 Africana
1190 2280 1309 2341 Gallica
1334 2281 1407 2341 His·

317 2401 411 2459 pana,
445 2385 537 2444 veluti
570 2386 732 2462 Aquitanas
765 2384 929 2444 Gaditanus
961 2383 1188 2444 Gracurritanue
1219 2385 1407 2461 Iyaeditanua

318 2487 481 2546 icositanus
504 2485 664 2546 Lusitanus
691 2497 781 2564 atque
808 2487 944 2546 derivata
972 2487 1010 2545 ab
1035 2487 1213 2564 oppidorum
1235 2486 1407 2546 nominibus

318 2590 347 2648 in
369 2593 381 2646 i
403 2589 449 2647 vel
471 2593 497 2647 is
520 2589 726 2649 desinentibus
748 2590 907 2650 Accitanus
923 2589 1114 2648 Aruccitanue
1129 2589 1320 2648 Bilbilitanus
1336 2587 1407 2648 Sae-

319 2689 463 2751 tuditanus
487 2690 646 2752 Subitanus
673 2691 820 2768 (fortasse
848 2713 866 2751 a
888 2691 962 2753 Subi
986 2692 1122 2764 flumine,
1153 2691 1189 2749 ci.
1214 2688 1408 2750 c.1.1..11

319 2791 414 2870 3797)
439 2793 633 2854 Subur-iturus
654 2795 822 2854 Venerianus
845 2795 912 2853 alia
957 2793 993 2852 ln
1015 2793 1161 2871 Bithynia
1182 2794 1290 2852 flumen
1312 2801 1409 2852 estet

320 2905 425 2971 portus
440 2887 565 2958 Κάλπας
579 2898 642 2956 sive
659 2888 781 2967 Κάλπης
796 2897 894 2956 dictus
915 2897 1102 2973 (testimonia
1119 2896 1187 2954 vide
1206 2896 1237 2954 in
1253 2894 1409 2954 Benseleri

320 2999 534 3074 onomastico);
555 3001 795 3077 promonturium
816 2999 933 3058 Iberiae
955 2997 1049 3076 Calpe
1071 3009 1174 3058 notum
1197 3008 1253 3058 est.
1286 2996 1408 3056 Utrum·

320 3120 377 3177 qne
411 3121 518 3161 nomen
553 3113 639 3161 erunt
665 3101 795 3160 fortasse
821 3103 873 3179 qui
899 3101 1033 3161 Punicae
1063 3101 1244 3160 crediderint
1272 3100 1408 3177 originis.

322 3203 538 3264 Graeculorum
561 3205 639 3262 enim
662 3215 777 3262 tantum
798 3203 945 3274 doctrina,
969 3213 1002 3262 ut
1016 3203 1241 3263 Miillenhoifius
1257 3203 1411 3280 perspexit

321 3305 464 3382 (deutsche
486 3307 758 3366 Altertlrumslcunde
782 3308 795 3363 1
821 3325 850 3382 p.
873 3306 922 3364 83.
941 3307 1028 3382 144),
1050 3305 1248 3383 promontorii
1270 3305 1334 3364 eius
1356 3322 1409 3362 no·

321 3429 389 3468 men
411 3429 430 3468 a
449 3397 556 3470 κάλπις
578 3409 643 3468 sive
664 3399 758 3477 κάλπη
781 3409 938 3468 vocabulis
954 3406 1082 3468 Graecis
1100 3409 1235 3466 derivare
1252 3405 1357 3478 voluit,
1379 3405 1410 3464 id

321 3511 401 3587 quod
422 3511 549 3588 legimus
572 3513 603 3570 in
625 3513 735 3571 Avieni
757 3529 829 3570 orae
851 3512 949 3569 marit.
973 3529 1000 3568 v.
1017 3510 1088 3584 348,
1112 3511 1191 3587 apud
1209 3509 1319 3568 Melam
1335 3507 1364 3580 2,
1381 3509 1409 3580 6,

322 3613 360 3672 95
384 3623 414 3672 et
434 3615 465 3672 in
487 3615 611 3673 scholiis
634 3613 672 3672 ad
687 3614 859 3672 Iuvenalem
879 3615 925 3686 14,
943 3611 1016 3684 2793
1040 3631 1109 3672 nam
1131 3631 1221 3690 rupes
1244 3612 1299 3670 illa
1320 3611 1412 3688 longa

321 3727 351 3775 et
370 3717 521 3793 utrimque
542 3735 687 3792 praeceps
709 3723 797 3793 atque
817 3712 916 3774 ‘cavus
939 3727 1077 3791 teresque
1099 3710 1214 3773 urceus'
1237 3716 1301 3774 sive
1320 3707 1411 3772 ‘urna'

320 3820 442 3877 omnino
464 3819 623 3878 dissimilia
645 3829 723 3889 suot,
746 3827 778 3877 ut
800 3819 987 3877 testabuntur
1006 3817 1059 3894 qui
1075 3817 1213 3889 viderint,
1235 3835 1331 3893 neque
1346 3833 1411 3874 om·

322 3923 393 3980 nino
414 3921 665 3999 quemadmodum
687 3939 777 3998 rupes
800 3920 1027 3997 qualiscumque
1050 3920 1218 3998 comparari
1233 3919 1330 3996 possit
1344 3937 1411 3976 cum

322 4041 410 4082 urceo
432 4043 546 4083 ornare
567 4024 616 4082 vel
639 4031 738 4083 stante
760 4023 808 4082 vel
829 4025 945 4082 iacente
967 4023 1126 4099 perspicio.
1167 4021 1280 4081 Verum
1303 4039 1410 4080 nomen

323 4127 392 4186 inde
420 4145 507 4186 suum
534 4126 689 4185 derivasse
714 4126 856 4185 familiam
881 4125 1012 4202 aliquam
1034 4125 1182 4202 plebeiam
1205 4124 1321 4183 Romae
1341 4121 1411 4182 inde

322 4249 342 4288 a
363 4229 484 4288 saeculo
505 4230 568 4288 fere
591 4230 729 4306 septimo,
752 4247 933 4306 quamquem
954 4227 1019 4286 fieri
1041 4227 1161 4303 quidem
1182 4227 1289 4304 potuit,
1312 4234 1411 4284 tamen

323 4331 479 4410 probabile
505 4349 566 4390 non
593 4339 649 4390 est.
693 4329 754 4391 Sed
779 4331 859 4390 idern
886 4339 914 4388 et
938 4329 1082 4388 suffixum
1111 4329 1200 4388 etiam
1226 4329 1256 4387 in
1278 4329 1411 4386 locorum

322 4435 494 4493 Italicorum
519 4435 687 4493 nominibus
710 4434 866 4510 reperitur,
890 4432 972 4490 velut
993 4433 1024 4492 in
1043 4433 1190 4490 Arretium
1206 4431 1305 4490 Caieta
1319 4430 1413 4506 Nepet

323 4537 455 4597 Peucetio
476 4534 605 4595 Pometia
627 4536 753 4596 Soletum
776 4535 934 4612 Spoletium
957 4533 1080 4605 Vicetia,
1108 4533 1140 4591 in
1161 4533 1319 4591 Bubetanis
1342 4532 1413 4591 an-

323 4644 429 4700 retam's
448 4637 619 4698 Cusuetanis
634 4639 728 4698 Plinii
744 4637 775 4714 (3
792 4638 809 4714 6
826 4637 880 4714 69)
902 4639 1033 4714 itemque
1051 4637 1222 4694 Tannctonis
1238 4635 1272 4710 (3
1292 4633 1309 4711 ξ
1327 4633 1413 4710 116),

325 4742 441 4800 etiamsi
473 4741 525 4800 illa
556 4742 685 4802 fortasse
711 4758 771 4799 non
799 4741 880 4798 omni
908 4759 947 4797 ex
973 4747 1058 4816 parte
1088 4748 1168 4797 recte
1196 4737 1305 4796 tiudita
1333 4746 1413 4808 sunt,

230 4888 234 4899 .
324 4845 394 4903 item
421 4845 451 4902 io
477 4845 584 4904 formis
606 4843 818 4902 adiectiuorum
841 4843 995 4918 Aepetinus
1018 4843 1150 4900 Aletinus
1173 4841 1331 4899 Alsietinus
1354 4839 1413 4896 Ar-

323 4951 433 5022 petinus
455 4947 610 5006 Neretinus
632 4947 790 5005 Verctinua.
835 4943 1048 5021 comparanda
1073 4951 1142 5002 sunt
1163 4942 1311 5001 vocabula
1331 4939 1415 4998 velut

326 5049 453 5108 tractim
475 5051 615 5110 dumetum
638 5049 777 5108 lauretum
800 5056 925 5106 temetum
948 5046 1066 5105 similia
1102 5044 1227 5103 Accedit
1248 5061 1414 5121 cognomen

327 5152 519 5230 magistratus
543 5151 699 5210 monetarii
722 5147 757 5208 O.
780 5149 906 5208 Mamilii
929 5149 1074 5206 Limetuni
1095 5145 1145 5222 (C.
1162 5147 1187 5205 I.
1204 5146 1239 5205 L.
1255 5145 1271 5204 Ι
1288 5144 1373 5221 429),
1396 5163 1416 5201 a

328 5253 435 5327 limine,
464 5255 521 5312 dca
548 5252 735 5322 Limentana,
766 5253 927 5311 limitaneus
957 5250 1106 5310 adiectivo
1136 5251 1266 5309 sortasse
1294 5246 1415 5306 omnino

1171 5351 1211 5410 31
