3520 6006
375 651 720 706 conunnrnrrouns
737 653 1014 706 nrrcnnrmonn
1032 654 1137 707 rans.
1346 635 1415 707 167

110 823 193 882 barum
220 845 320 884 rerum
347 827 438 904 periti
464 846 511 886 me
536 835 646 886 temere
674 837 705 886 et
733 845 787 903 pro
813 827 939 886 arbitrio
966 847 1003 886 ea
1026 827 1145 887 Latinis
1172 828 1286 887 verbis:
1314 831 1417 904 cippis,

111 927 228 986 enelamur
249 932 370 1004 ciprum,
392 929 584 1001 decumanam,
606 931 696 990 solide
712 929 878 989 reddidisse
893 931 1090 1006 suspicentur,
1112 930 1173 988 alia
1194 929 1343 988 scribendi
1364 947 1418 1007 op·

20 1105 21 1108 )
108 1031 269 1105 portunitate
290 1031 392 1090 oblata
413 1051 460 1090 me
483 1033 664 1109 argumentis
686 1033 777 1092 altius
799 1032 935 1109 repetitis
958 1051 1025 1091 cnm
1043 1051 1060 1090 e
1075 1031 1195 1111 linguae
1216 1016 1333 1092 ratione
1354 1038 1416 1090 tum

21 1163 22 1170 κ
109 1149 138 1188 ex
155 1133 386 1210 agrimensorem
414 1133 575 1212 disciplina
601 1143 694 1194 totam
721 1135 810 1194 huius
837 1134 1043 1210 inscriptionis
1069 1134 1344 1212 interpretationem
1370 1153 1416 1192 re-

108 1240 251 1294 tracturum
272 1255 338 1295 esse
359 1237 525 1312 professus.
562 1237 627 1296 Iam
649 1237 739 1316 igitur
756 1236 855 1314 perclo.
874 1254 940 1312 per.
963 1244 1051 1295 notae
1073 1235 1258 1314 supplendae
1280 1235 1418 1295 videntur

107 1335 137 1392 ud
150 1337 357 1413 per-erma),
379 1339 513 1398 eiusdem
533 1339 648 1398 formae
662 1340 840 1398 vocabulum
856 1348 945 1415 atque
960 1337 1134 1398 Umbricum
1152 1339 1291 1414 per-cof,
1313 1356 1415 1416 quam·

108 1439 143 1496 us
161 1458 216 1498 non
238 1441 341 1499 eadem
364 1459 487 1516 prorsus
509 1441 728 1518 significatione
763 1441 865 1518 (Aufr.
895 1441 1015 1502 Kircih.
1041 1441 1135 1500 Umbr.
1166 1438 1255 1518 Sprd.
1278 1441 1323 1512 II,
1340 1441 1414 1500 247.

109 1539 175 1615 113),
202 1543 304 1602 eadem
327 1544 422 1621 stirpe
443 1551 540 1602 ortum
563 1553 598 1601 nt
617 1562 678 1604 vox
699 1542 811 1604 Latina
829 1547 974 1621 per-tica,
997 1561 1064 1602 cnm
1087 1560 1179 1602 sensu
1201 1543 1345 1619 stipitibus
1367 1543 1416 1602 vel

107 1646 190 1718 cippis.
230 1645 271 1704 Et
293 1647 434 1723 quoniam
455 1647 487 1704 in
508 1645 604 1704 titulis
628 1647 742 1704 viarum
764 1645 883 1706 Latinis
904 1646 1044 1722 frequens
1065 1653 1111 1705 est
1131 1643 1261 1704 formula
1282 1644 1413 1704 dicendi:

105 1749 165 1802 nan
184 1751 401 1806 mmiuaoemnt
423 1751 526 1824 cippis,
548 1748 618 1807 hnic
639 1749 801 1826 respondet
816 1747 900 1808 Osca
919 1749 951 1806 in
973 1748 1061 1806 titulo
1082 1747 1310 1824 magistratuum
1325 1746 1413 1805 Pom·

105 1848 274 1922 peianorum:
308 1854 357 1908 ola
389 1859 585 1910 teruanctteua
607 1848 781 1926 peremnia),
812 1850 842 1909 id
870 1850 951 1926 qnod
977 1851 1054 1909 bene
1081 1849 1232 1908 intellexit
1259 1847 1416 1923 Quaranta

105 1947 131 2021 (l.
143 1969 164 2008 c.
180 1972 211 2027 p.
228 1953 278 2012 67.
293 1952 357 2027 68).
395 1951 488 2023 Caela,
510 1971 598 2028 quam
614 1971 717 2011 vocem
739 1953 771 2010 in
785 1951 885 2028 lapide
906 1953 954 2010 his
968 1951 1077 2010 litteris
1093 1951 1235 2028 scriptam
1250 1967 1317 2010 esse
1336 1969 1415 2009 nunc

104 2069 203 2128 qnoque
218 2053 393 2132 conspicere
409 2055 527 2130 poterit,
549 2055 727 2132 quicumque
741 2055 835 2114 oculis
849 2055 892 2113 uti
907 2055 1044 2126 voluerit,
1064 2055 1149 2112 nulla
1162 2053 1283 2130 linguae
1298 2053 1414 2111 ratione

104 2154 191 2213 eadem
211 2175 271 2214 vox
298 2164 398 2234 potest
424 2175 489 2216 esse
515 2175 551 2216 ac
576 2156 686 2216 Latina
714 2159 802 2230 cella,
829 2175 884 2214 nec
909 2155 1051 2215 credibile
1078 2165 1125 2214 ast
1149 2173 1216 2213 eam
1244 2155 1412 2232 significare

103 2259 216 2332 ternplum
237 2259 286 2318 vel
305 2262 412 2335 suanm
433 2259 653 2330 seleucenum,
691 2277 758 2318 oum
784 2259 842 2317 hoc
869 2275 960 2318 sensu
985 2259 1016 2317 in
1043 2257 1164 2336 linguae
1186 2256 1284 2318 Oscae
1309 2274 1412 2316 monn-

102 2361 193 2418 mentis
207 2361 371 2420 habeamus
385 2361 532 2420 vocabula
549 2360 680 2438 partiam,
697 2360 797 2436 filant,
813 2359 1002 2420 aalccralclom
1023 2359 1070 2436 (O.
1083 2361 1209 2437 Auaapr.
1222 2360 1268 2434 ΙΙ,
1280 2378 1314 2436 p.
1326 2359 1412 2432 1079,

102 2480 121 2518 c.
134 2460 160 2518 3.
180 2464 263 2535 1078,
279 2481 302 2521 c.
320 2463 349 2521 2.
370 2464 459 2538 1080,
475 2482 498 2522 c.
513 2465 542 2534 2,
558 2465 600 2522 ed.
615 2464 644 2534 2,
667 2462 805 2534 amens,
826 2462 971 2522 Fumant.
988 2463 1015 2520 d.
1036 2462 1105 2522 Oslt.
1122 2462 1191 2539 Spr.
1209 2461 1304 2522 Gloaa.
1318 2481 1351 2538 p.
1363 2464 1411 2522 44.

102 2563 214 2640 3319).
234 2565 342 2642 Itaque
354 2565 444 2624 coil-c
458 2565 590 2624 eiusdem
605 2565 708 2642 stirpis
725 2565 893 2642 similisque
908 2582 1013 2624 sensus
1029 2581 1097 2624 esse
1112 2565 1240 2624 arbitror
1253 2583 1289 2624 ac
1302 2563 1413 2624 Latina

102 2666 234 2725 vocabula
250 2668 395 2738 coil-cae,
418 2668 566 2739 cael-a-re,
589 2669 723 2728 cael-u-tn
745 2686 858 2746 „genus
868 2667 1051 2738 ferramenti,
1072 2685 1161 2743 quem
1176 2666 1265 2744 vulgo
1287 2669 1416 2729 cilionem

100 2769 210 2828 rocant“
232 2769 320 2844 (leid.
339 2769 419 2847 Orip.
435 2769 508 2842 XX,
532 2790 555 2830 e.
571 2772 600 2843 4,
618 2789 651 2846 p.
670 2769 755 2845 623),
777 2779 807 2828 et
829 2770 1030 2828 accusativum
1053 2769 1129 2846 sing.
1153 2769 1247 2828 calla:
1273 2771 1414 2830 coelatum

100 2888 174 2945 upra,
198 2873 340 2931 caelatura
365 2877 477 2950 siquam
505 2873 693 2948 interpretor.
737 2869 817 2930 Nam
839 2873 918 2949 apud
941 2870 1091 2933 Samnites
1118 2889 1213 2930 aenea
1237 2871 1414 2948 caelataque

100 2973 174 3048 signa
196 2975 277 3034 loris
303 2975 489 3050 aliorumque
515 2974 638 3034 deorum
665 2975 697 3032 in
725 2992 783 3033 usu
810 2973 923 3046 fuisse,
952 2974 1038 3033 docet
1063 2993 1189 3050 parvum
1213 2973 1295 3032 Iovis
1322 2984 1414 3052 caput

100 3094 209 3135 aeneum
228 3079 261 3136 in
283 3095 357 3154 agro
378 3076 531 3137 Frentcno
558 3085 708 3154 repertum
731 3095 799 3136 cum
821 3077 1016 3152 inscriptione
1039 3076 1123 3137 Osca
1148 3075 1317 3152 (Moneta,
1346 3075 1412 3135 Uat.

99 3176 172 3236 Dial.
191 3191 209 3239 t.
228 3180 297 3250 VH,
319 3177 489 3256 2p.170).
533 3179 724 3238 Adiectivnm
751 3179 988 3252 datico-iaetu,
1018 3179 1048 3237 in
1074 3197 1135 3255 quo
1161 3179 1261 3240 inesse
1288 3178 1412 3256 stirpem

101 3277 185 3340 Oscae
203 3283 318 3341 numeri
340 3281 456 3341 denarii
477 3281 559 3340 vocis
581 3282 640 3340 iam
663 3279 794 3340 Garncci
816 3280 850 3358 (l.
867 3301 891 3341 e.
910 3301 942 3358 p.
958 3282 1012 3357 33)
1034 3289 1063 3339 et
1085 3279 1242 3354 Quaranta
1262 3299 1412 3359 cognove-

100 3390 159 3441 runt
185 3384 215 3460 (l.
231 3403 254 3444 c.
272 3404 306 3462 p.
322 3383 393 3460 88),
419 3384 614 3460 repetendum
640 3384 783 3442 existimo
810 3402 829 3441 a
851 3384 1038 3444 substantivo
1065 3401 1136 3443 osco
1165 3382 1303 3455 ate-te,
1330 3383 1412 3459 quod

99 3487 244 3560 respondet
268 3485 411 3546 Umbrica
449 3485 585 3546 take-ica
624 3503 691 3562 gen.
729 3485 806 3564 sing.
832 3486 902 3544 fem.
940 3485 1014 3562 (tab.
1038 3485 1120 3563 [pao.
1143 3485 1182 3543 ΙΙ
1193 3485 1219 3558 b,
1241 3487 1268 3544 1.
1321 3483 1410 3560 Aust.

100 3583 452 3663 scrutaminum
466 3587 524 3666 s.)‚
552 3587 769 3665 significatione
796 3605 855 3646 non
877 3587 996 3648 diverso
1018 3606 1037 3646 a
1058 3586 1176 3648 Graeco
1199 3575 1312 3659 tra-dc,
1333 3586 1412 3646 unde

101 3687 302 3750 debito-iurum
322 3709 444 3750 sensnm
465 3691 691 3750 decumana-m
712 3689 835 3768 accepit.
869 3689 1009 3767 Denique
1028 3691 1213 3750 aer-e-u·lci·d
1232 3690 1412 3766 interpretor

99 3788 254 3852 adverbium
276 3793 410 3852 eiusdem
431 3793 551 3870 generis
573 3802 607 3852 ut
628 3790 742 3852 Oscum
763 3793 935 3868 am-prufissd
957 3817 994 3842 -··
1017 3793 1171 3870 ira-probe,
1198 3791 1335 3852 Latinum
1357 3793 1411 3866 sa·

99 3891 225 3966 cibus-d,
244 3896 405 3954 formatum
428 3914 447 3952 a
468 3895 562 3971 stirpe
583 3894 712 3954 nominis
735 3913 852 3967 ειν-νο,
873 3913 952 3972 qnae
973 3895 1054 3953 inest
1071 3895 1103 3954 in
1124 3894 1215 3954 verbo
1238 3894 1410 3952 denomina-
1471 3897 1479 3910 “

99 3993 154 4050 tiro
178 4016 324 4058 seruc-rc
355 4007 384 4058 et
410 3997 559 4076 significat
583 3997 723 4070 solidum,
756 4006 855 4070 totum,
870 4019 873 4028 ·
887 4000 1025 4074 inteprunt
1056 3995 1109 4072 (0.
1131 3997 1166 4055 Z.
1183 3997 1212 4072 s.
1232 3996 1320 4073 oerpl.
1337 3993 1408 4072 Spr.

101 4093 132 4152 X
136 4095 212 4173 Vlll,
226 4102 299 4162 200.
331 4101 458 4178 Αιιεῳτ.
473 4100 500 4174 Ι,
517 4099 576 4159 485
593 4119 648 4176 aq„
670 4100 713 4158 ed.
731 4098 773 4176 2).

101 4492 146 4552 21.
180 4497 373 4577 Horologium
403 4499 545 4559 solarium
574 4519 613 4558 ex
641 4497 740 4574 lapide
767 4497 925 4557 Tiburtino
952 4499 1105 4556 inventum
1133 4499 1164 4555 in
1191 4497 1313 4556 thermis
1341 4494 1409 4558 Sta-

138 4599 222 4660 bianis
242 4604 280 4662 ad
300 4605 394 4676 viam,
417 4620 494 4679 quae
516 4622 534 4662 a
554 4601 621 4661 foro
644 4601 682 4659 ad
704 4602 954 4678 amphitheatrum
977 4601 1120 4672 ducebat,
1142 4600 1192 4658 die
1213 4598 1251 4658 23
1275 4596 1409 4674 Septem-

139 4699 190 4760 bris
209 4706 275 4764 anni
299 4706 389 4778 1854,
411 4704 542 4764 nuncin
564 4721 668 4764 museo
689 4689 904 4780 Neapolitan03
927 4703 1011 4762 cuius
1033 4701 1064 4760 in
1085 4701 1183 4760 fronte
1203 4701 1313 4760 litteris
1333 4703 1409 4760 bene

139 4801 227 4864 incisis
247 4807 357 4885 legitur
377 4807 497 4867 titulus:

376 5023 434 5071 mr
449 5053 456 5070 .
472 4995 594 5071 atiniis
610 5053 617 5068 .
632 5022 690 5112 mr
715 4995 902 5112 kvalsstur
916 5051 925 5067 .
941 4993 1103 5070 eltiuvad

350 5155 573 5232 mtiltaslkad
598 5153 851 5228 kumbennieis
867 5211 874 5226 .
890 5152 1088 5270 tangi(nud)

627 5311 856 5388 asmanaffed
