3548 6012
312 611 359 682 42

904 625 1054 686 unauna

310 802 529 864 Nomunrsuvs
557 807 749 866 Nomentanus
774 807 881 884 aliquis
903 809 1032 886 primum
1054 812 1224 870 nominatur
1245 811 1291 870 bis
1314 811 1343 869 in
1366 810 1461 870 altero
1483 813 1652 870 satirarum

306 3268 479 3329 Noansnrs

639 909 862 970 Lucilianarum
884 911 961 971 libro
984 911 1030 986 (II
1047 912 1143 971 cett
1166 913 1276 990 Muli).

555 1010 763 1072 Nomentanus
785 1013 904 1073 Horatii
925 1016 963 1073 ab
986 1015 1042 1074 hoc
1063 1015 1201 1074 diversus
1222 1016 1258 1073 L.
1282 1014 1412 1096 Cassius
1432 1015 1650 1076 Nomentanus

556 1114 763 1192 appellabatur
785 1117 948 1176 secundnm
970 1118 1085 1176 scholia
1107 1117 1146 1175 ad
1168 1127 1223 1176 sat.
1243 1121 1268 1190 1,
1288 1121 1315 1189 l,
1334 1119 1389 1177 101
1415 1128 1444 1178 et
1466 1120 1560 1192 8,11.
1607 1119 1651 1177 In

556 1218 671 1276 scholio
698 1218 736 1276 ad
759 1217 792 1292 2,
815 1222 846 1290 1,
867 1217 906 1277 22
928 1220 1038 1278 Lucilii
1060 1241 1169 1280 nomen
1191 1221 1364 1280 mutandum
1391 1222 1422 1280 in
1445 1221 1563 1280 Horatii
1594 1220 1652 1296 (ut

555 1321 663 1398 docent
683 1322 774 1380 rerba
795 1326 824 1380 a'n
842 1327 944 1400 priore
967 1323 1052 1398 libro)
1075 1331 1126 1381 aut
1146 1324 1305 1383 delendum
1327 1325 1448 1383 omnino
1470 1343 1536 1382 cum
1551 1323 1586 1383 C.
1604 1323 1649 1382 F.

554 1423 728 1482 Hermanno
754 1425 786 1484 in
812 1426 924 1484 nuntiis
948 1424 1084 1502 Gotting.
1113 1426 1236 1485 a.1843
1262 1446 1291 1503 p.
1308 1425 1367 1486 379
1395 1435 1426 1484 et
1446 1425 1650 1485 Lachmanno

553 1526 584 1584 in
618 1528 770 1604 prooemio
799 1527 944 1587 alsae,
998 1527 1133 1587 Eundem
1160 1527 1397 1600 Nomentanum,
1425 1529 1509 1588 cuius
1535 1547 1649 1588 cocum

555 1628 716 1688 Sallustius
737 1631 896 1688 historicus
918 1641 1039 1702 emerat,
1064 1629 1179 1691 Seneca
1201 1631 1237 1690 de
1259 1633 1322 1690 rita
1342 1633 1431 1690 beatu
1449 1633 1482 1689 11
1508 1651 1567 1690 uua
1587 1651 1651 1688 no-

554 1731 648 1789 minat
669 1751 735 1792 cunr
759 1733 876 1810 Apinin,
899 1733 1013 1792 scilicet
1035 1733 1076 1790 M.
1094 1731 1192 1792 Gavio
1207 1734 1316 1811 Apicio
1331 1733 1461 1811 Augusti
1483 1743 1513 1792 et
1526 1733 1651 1792 Tiberii

554 1835 673 1910 aequali
700 1835 813 1910 (nostru
833 1839 967 1893 manua
989 1833 1104 1896 Seneca
1125 1835 1163 1894 ad
1185 1836 1326 1895 Helviam
1349 1838 1411 1914 10).
1454 1837 1570 1894 Monuit
1593 1855 1651 1894 me

553 1937 590 1996 de
615 1937 662 1995 his
683 1937 843 2014 Hauptins.
886 1939 993 2014 Itaque
1018 1939 1076 1996 hoc
1097 1947 1208 1997 certum
1231 1947 1278 1998 est
1299 1939 1486 2016 cognominis
1509 1938 1652 1997 Nomen-

556 2041 615 2098 tani
645 2041 814 2116 exemplum
844 2041 977 2115 alioquin
1004 2041 1078 2111 rari3
1108 2041 1167 2098 nisi
1194 2041 1270 2100 forte
1296 2042 1326 2099 in
1356 2042 1475 2099 bomine
1504 2041 1556 2100 illo
1585 2063 1650 2118 pro

552 2162 625 2200 vera
652 2143 765 2218 patriae
792 2142 973 2202 indicatione
1002 2143 1178 2202 babendum.
1226 2143 1305 2202 Nam
1334 2143 1412 2202 inter
1437 2163 1498 2202 non
1526 2163 1650 2220 paucos

553 2241 680 2303 Onesiae
707 2245 805 2321 gentis
832 2245 966 2322 plebeiae
993 2246 1128 2304 homines
1153 2246 1222 2305 inde
1244 2267 1262 2304 a
1284 2247 1404 2306 saeculo
1426 2247 1490 2306 fere
1512 2247 1652 2323 septimo

553 2347 633 2424 apud
661 2348 821 2424 scriptores
849 2348 1019 2406 nominatus
1047 2367 1133 2407 nemo
1160 2358 1315 2424 praetcrea
1342 2367 1378 2407 ec
1409 2366 1483 2406 usus
1505 2357 1560 2407 est.
1607 2350 1652 2408 ln

553 2450 676 2508 denario
699 2449 818 2526 quidem
840 2449 876 2506 L.
901 2451 988 2508 Atilii
1011 2449 1060 2524 (G.
1077 2451 1100 2508 I.
1117 2450 1154 2510 L.
1174 2451 1189 2507 Ι
1211 2449 1271 2510 320
1280 2471 1288 2522 ;
1312 2471 1337 2508 v.
1362 2451 1580 2508 Mommsenuun
1603 2451 1651 2509 de

553 2571 585 2610 re
607 2553 774 2611 nummaria
796 2553 998 2611 Romanorum
1021 2573 1049 2612 n.
1069 2553 1141 2629 116)
1164 2554 1300 2612 Nom...
1323 2571 1489 2631 cognomen
1511 2561 1571 2610 tam
1593 2563 1653 2610 est

552 2654 718 2730 singulare,
745 2665 777 2714 ut
802 2657 838 2714 de
861 2655 986 2714 lectione
1008 2656 1071 2714 iure
1094 2655 1229 2715 dubitent
1250 2657 1349 2731 periti.
1392 2655 1465 2713 Alia
1485 2675 1545 2714 non
1567 2657 1651 2714 novi

552 2757 692 2834 exenrpla
713 2758 866 2834 aliquanto
888 2759 1030 2830 illustriu;
1054 2760 1124 2817 novi
1145 2759 1195 2818 Cn.
1219 2757 1371 2834 Vir[ai]unt
1391 2759 1522 2834 aliquem
1543 2757 1595 2816 Cn.
1611 2761 1649 2831 s.

550 2860 758 2918 Nomentanum
780 2861 809 2918 in
832 2879 909 2938 pago
930 2861 1113 2920 Phuensium
1137 2861 1256 2920 Africae
1278 2879 1317 2919 ex
1333 2860 1473 2920 Reuierio
1494 2863 1581 2919 inser.
1607 2863 1652 2920 de

552 2963 643 3037 t’atp.
667 2961 757 3020 2448.

594 3063 775 3124 Nomentani
790 3064 939 3125 Luciliani
961 3085 1069 3124 nomen
1091 3066 1248 3143 quominus
1268 3063 1452 3144 gentilicium
1467 3065 1560 3124 fuisse
1576 3066 1650 3123 exi·

552 3167 717 3240 sumemus,
740 3185 799 3226 non
821 3185 997 3244 cognomen,
1020 3168 1094 3226 nihil
1115 3169 1249 3245 impedit.

556 3267 588 3328 0.
610 3269 766 3328 Norbanus
788 3269 902 3329 Bulbus
925 3269 999 3346 (non
1020 3271 1151 3348 Balbus)
1175 3289 1236 3330 cos.
1261 3291 1288 3328 a.
1305 3271 1362 3329 671
1388 3271 1428 3345 (a.
1447 3268 1480 3329 C.
1498 3269 1561 3346 83).
1605 3271 1649 3330 Is

635 3373 875 3448 antiquissimius
898 3381 945 3432 est
966 3373 1056 3432 bomo
1077 3375 1142 3432 eins
1164 3373 1305 3446 nominis,
1327 3373 1445 3449 dequo
1467 3373 1651 3432 testimonia

635 3475 787 3535 babemus.

554 3576 587 3636 C.
604 3576 758 3637 Norbanus
780 3579 911 3638 fortasse
933 3579 1014 3637 filius
1038 3580 1112 3651 eius,
1135 3580 1187 3655 qui
1202 3579 1363 3656 praecedit,
1387 3579 1522 3636 triumvir
1536 3597 1650 3637 mone-

634 3681 703 3740 talis
729 3681 760 3740 in
786 3681 909 3741 denario
932 3679 967 3743 0.
988 3681 1012 3740 I.
1028 3682 1064 3741 L.
1084 3682 1100 3739 I
1120 3683 1197 3755 435,
1225 3691 1345 3760 praetor
1368 3679 1490 3742 Siciliae
1510 3700 1529 3738 a
1549 3678 1649 3739 Cice-

633 3803 706 3842 rone
728 3784 759 3842 in
772 3785 909 3844 Verrinis
931 3791 1112 3844 memoratur
1134 3785 1177 3862 (v.
1192 3785 1412 3844 Mommsenum
1427 3783 1463 3841 de
1478 3803 1510 3842 re
1526 3801 1647 3842 numm.

633 3885 721 3946 Rom.
744 3905 774 3962 p.
791 3887 850 3946 608
873 3885 1004 3976 11236).

553 3986 585 4045 C.
608 3987 763 4046 Norbanus
785 3988 912 4048 Flaccus
933 4007 995 4049 cos.
1019 4009 1045 4048 a.
1063 3989 1123 4049 716
1147 3989 1187 4066 (a.
1205 3987 1238 4050 O.
1257 3989 1319 4065 38).

553 4088 585 4150 C.
609 4090 764 4149 Norbanus
787 4091 915 4150 Flaccus
942 4091 1022 4151 filius
1052 4111 1111 4152 cos.
1140 4111 1167 4151 a.
1185 4093 1244 4151 716
1272 4093 1320 4168 (ut
1341 4092 1503 4151 Henzenus
1531 4091 1650 4151 statuit

632 4193 827 4268 probabiliter
849 4192 921 4253 c.1.
939 4193 975 4254 L.
998 4195 1013 4253 I
1035 4214 1063 4271 p.
1080 4195 1165 4272 450),
1190 4213 1249 4254 cos.
1274 4214 1300 4253 a.
1317 4193 1378 4253 730
1401 4193 1442 4269 (a.
1459 4191 1493 4253 (l.
1510 4191 1574 4270 tt).

552 4295 582 4355 0.
605 4295 760 4354 Norbanus
783 4297 910 4356 Flaccus
933 4315 994 4355 cos.
1017 4317 1044 4354 u.
1061 4297 1121 4356 768
1145 4297 1187 4373 (p.
1205 4295 1239 4356 G.
1259 4295 1322 4374 15).

548 4397 586 4455 L.
607 4397 765 4458 Norbanus
787 4399 913 4457 Flaccus
935 4399 1050 4458 Balbus
1073 4419 1135 4458 cos.
1158 4419 1186 4458 a.
1202 4399 1262 4458 772
1286 4400 1330 4477 (ρ.
1346 4398 1380 4460 Ο.
1399 4399 1460 4476 19).

549 4499 706 4559 Norbanus
734 4501 843 4576 aliquis
872 4521 932 4559 una
954 4521 1020 4560 cum
1041 4501 1131 4561 Vibio
1158 4513 1340 4562 memoratus
1367 4503 1397 4561 in
1426 4503 1547 4561 denario
1576 4523 1646 4563 non

631 4604 706 4662 satis
730 4614 829 4664 certae
850 4605 987 4663 lectionis
1011 4603 1138 4664 0.1.1..
1162 4604 1263 4662 1504.

549 4704 586 4764 L.
602 4705 757 4765 Norbanus
772 4705 888 4784 Appius
903 4708 1061 4779 Marinus,
1082 4707 1129 4766 bis
1145 4708 1252 4766 consul
1273 4717 1301 4766 et
1323 4727 1349 4766 a.
1365 4706 1404 4766 88
1427 4709 1542 4784 legatus
1555 4706 1646 4767 Pan-

630 4810 740 4869 noniae
762 4829 800 4868 ex
815 4804 906 4869 Plinii
929 4811 1067 4888 epistulis
1083 4821 1112 4869 et
1127 4810 1259 4869 Martiali
1278 4819 1366 4869 notus
1390 4809 1441 4884 (cf.
1458 4811 1647 4874 Mommseni

630 4912 722 4971 index
744 4912 901 4972 Plinianus
922 4932 951 4989 p.
968 4913 1054 4988 401).

552 5015 584 5074 Ο.
607 5014 763 5073 Norbanus
794 5015 960 5086 Quadratus
986 5017 1155 5093 praefectus
1181 5021 1347 5076 castrorum
1375 5015 1579 5076 Alexandriae
1606 5019 1645 5079 in

631 5116 750 5177 Troade
774 5115 808 5176 C.
824 5119 849 5176 1.
864 5117 900 5176 L.
923 5119 1058 5180 111381.

547 5218 586 5279 L.
610 5219 767 5278 Norbanus
790 5220 918 5280 Faustus
941 5218 1046 5298 Capua
1067 5221 1211 5280 oriundus
1233 5221 1318 5282 miles
1339 5219 1525 5280 1113625.

552 5320 585 5383 C.
608 5321 764 5384 Norbanus
787 5321 887 5396 Sarra,
909 5323 1107 5384 secundarum
1131 5323 1285 5400 Pompeiis
1308 5323 1332 5384 I.
1347 5323 1387 5383 N.
1405 5321 1493 5382 2209.
