3520 6006
392 641 463 712 170
960 660 1136 714 coassar:

430 833 517 894 Tunc
543 836 636 912 igitur
664 835 812 894 duumviri
833 835 1029 912 Pompeiani,
1056 835 1109 910 qui
1135 853 1175 893 ex
1201 833 1393 892 decurionum
1420 833 1539 892 decreto
1570 835 1706 891 mensuris

429 937 634 1013 exsequendis
661 947 833 1014 praeerant,
862 938 1009 996 vocabula
1034 935 1117 996 Osca
1145 950 1349 995 mensurarum
1376 937 1568 1013 antiquarum
1598 935 1706 1012 scalpro

428 1039 511 1098 eradi
532 1041 693 1100 iusserunt.
738 1037 798 1100 Sed
818 1058 879 1098 non
900 1050 1014 1098 tantum
1040 1039 1168 1115 profecit
1188 1039 1319 1116 lapicida
1338 1040 1370 1098 in
1390 1040 1449 1097 hoc
1471 1037 1649 1097 devastandi
1668 1037 1705 1094 la-

427 1142 509 1215 bore,
531 1150 643 1202 utnon
665 1143 755 1201 trium
777 1143 990 1201 vocabulorum
1013 1151 1112 1200 certae
1133 1141 1301 1200 litterarum
1322 1141 1479 1218 relliquiae
1499 1151 1657 1199 restarent

510 1243 644 1303 Primum
666 1263 730 1317 vas,
751 1245 802 1303 ubi
825 1265 844 1302 a
862 1245 970 1302 dextra
990 1253 1076 1322 parte
1098 1263 1253 1302 numerare
1274 1245 1430 1320 inceperis,
1453 1243 1542 1320 idque
1563 1243 1705 1302 maximae

427 1347 602 1423 capacitatis
623 1347 772 1424 quomodo
795 1347 976 1424 appellatum
999 1347 1039 1405 sit
1060 1365 1079 1403 a
1101 1343 1294 1417 Samnitibus,
1321 1345 1411 1415 nullis
1434 1346 1602 1404 litterarum
1624 1346 1704 1403 vesti·

427 1449 485 1524 giis
507 1449 663 1508 iudicatur.

510 1617 560 1676 Ad
581 1616 743 1677 secundnm
765 1616 949 1696 adscriptum
971 1627 1019 1676 est
1040 1615 1220 1676 vocabulum
1244 1615 1370 1676 Oscum:

740 1753 863 1828 dlasils
1252 1773 1314 1832 bes.

508 1911 556 1970 Ad
578 1911 698 1970 tertium
720 1929 774 1970 ras
797 1920 918 1972 exstant
939 1911 1060 1989 quidem
1082 1911 1249 1971 litterarum
1270 1929 1357 1968 rarae
1378 1909 1525 1986 quaedam
1547 1909 1704 1984 relliquiae,

426 2011 479 2072 sed
500 2031 553 2070 eac
574 2022 635 2072 tam
658 2015 766 2072 dubiae
788 2023 818 2073 et
839 2016 1000 2073 maximam
1023 2025 1139 2090 partem
1160 2013 1318 2086 evanidae,
1345 2022 1378 2071 ut
1402 2012 1476 2070 nihil
1502 2013 1575 2070 certi
1606 2031 1644 2069 ex
1667 2013 1704 2068 eis

370 2103 386 2136 ⁴
424 2115 462 2172 dc
483 2117 603 2174 nomine
623 2115 713 2174 huius
734 2135 893 2176 mensurae
915 2116 1018 2192 colligi
1039 2115 1145 2194 possit.

507 2235 557 2294 Ad
578 2244 716 2313 quartum
737 2238 907 2316 appositum
931 2247 977 2296 est
998 2237 1189 2296 vocabulum:

738 2372 883 2449 klilnlks
1251 2383 1359 2473 χοῖνιξ.

508 2529 557 2590 Ad
578 2531 714 2608 quintum
736 2531 865 2609 denique
886 2549 941 2591 vas
963 2531 1078 2592 incisae
1099 2531 1198 2591 adhuc
1220 2538 1366 2608 apparent
1387 2531 1519 2590 litterae:

737 2667 860 2743 sebslk
875 2725 883 2741 .
901 2725 927 2760 .,

423 2824 467 2883 ita
487 2833 521 2882 ut
541 2831 613 2902 post
632 2825 652 2884 k
673 2843 733 2884 una
752 2825 801 2885 vel
821 2827 899 2886 duaa
920 2827 1038 2886 litterae
1060 2825 1176 2885 deletae
1197 2843 1265 2885 asse
1286 2825 1453 2885 videantur.

464 2990 545 3050 Dedi
566 2994 640 3052 haec
662 3012 868 3054 mensurarum
891 2993 1037 3054 vocabula
1057 3013 1096 3052 ex
1117 2994 1234 3072 ectypis
1256 3003 1287 3051 et
1307 2993 1506 3072 apographis,
1531 3011 1607 3069 quae
1630 2991 1702 3050 misit

380 3091 416 3152 G.
448 3093 484 3152 de
512 3094 614 3168 Petra,
649 3098 831 3174 comparatis
866 3097 1048 3175 apographis
1083 3115 1102 3152 a
1138 3096 1196 3154 Th.
1233 3095 1401 3154 Mommsen
1437 3114 1532 3172 nuper
1567 3097 1699 3172 acceptis.

379 3195 494 3254 Diaei-te
516 3198 625 3274 scripsi
647 3217 714 3256 cum
735 3199 834 3258 Mauo.
856 3210 888 3258 et
908 3199 1058 3272 Momms,
1080 3198 1118 3256 de
1139 3197 1244 3257 Petra:
1268 3201 1370 3257 diaeta.

463 3296 653 3360 Vocabulum
676 3302 775 3378 quarti
797 3302 880 3364 vasis
902 3301 1018 3360 lcdtns'lce
1041 3301 1172 3359 Mancini
1195 3302 1259 3360 siue
1281 3301 1374 3360 dubio
1397 3309 1476 3360 recte
1498 3302 1699 3378 interpretatus

379 3410 426 3458 est
446 3391 587 3481 χοῖνιξ,
610 3403 749 3479 quoniam
766 3402 848 3463 Osca
868 3403 969 3462 littera
983 3404 1002 3460 lc
1016 3423 1070 3481 pro
1088 3401 1207 3463 Graeca
1221 3426 1249 3480 χ
1271 3403 1361 3462 etiam
1382 3403 1413 3462 in
1429 3403 1604 3480 cognomine
1617 3400 1701 3459 Pom·
1753 3415 1754 3476 l

377 3503 487 3579 peiano
508 3503 605 3562 Iovis:
642 3504 811 3564 Meela'lca'ieis
832 3525 888 3582 pro
917 3497 1071 3583 Μειλιχίου
1108 3507 1221 3582 scripta
1256 3525 1291 3564 ac
1311 3505 1505 3582 pronuntiata
1536 3513 1590 3564 est
1622 3504 1697 3561 Idem

379 3606 424 3664 vir
438 3606 544 3664 doctas
562 3605 722 3679 intellexit,
743 3606 862 3666 invoca
878 3609 992 3680 diariis,
1014 3627 1074 3684 quo
1090 3608 1220 3668 secunda
1234 3626 1376 3666 mensura
1390 3608 1586 3684 significatur,
1606 3607 1697 3664 inesse

378 3707 501 3784 stirpem
523 3709 639 3766 numeri
660 3708 769 3766 binarii
791 3710 850 3781 ‹ii-3
873 3709 927 3770 sed
942 3710 1102 3786 quominus
1118 3711 1273 3769 credamus
1290 3729 1355 3768 eam
1371 3727 1440 3769 esse
1455 3709 1584 3786 simplex
1597 3725 1694 3768 nomeu

377 3825 443 3866 cum
466 3827 556 3868 sensu
579 3808 691 3871 Graeci
712 3803 842 3878 δι’πλοος,
867 3809 970 3870 Latini
992 3811 1098 3888 duplos
1121 3813 1169 3870 vel
1190 3811 1308 3888 duplae,
1336 3813 1457 3871 obstare
1479 3812 1604 3883 videtur,
1624 3808 1697 3886 quod

376 3929 431 3970 nec
453 3909 564 3971 Graeci
585 3931 640 3970 nec
660 3912 791 3972 Romani
813 3914 861 3971 his
883 3914 1038 3974 adiectivis
1065 3917 1223 3974 utebantur
1244 3914 1284 3972 ad
1305 3932 1475 3972 mensuram
1497 3933 1597 3973 rerum
1616 3910 1695 3986 liqui·

377 4013 482 4073 darum
504 4014 740 4090 significandam,
763 4035 818 4075 nec
834 4015 978 4077 credibile
998 4025 1046 4076 est
1060 4017 1207 4076 vocabulo
1228 4017 1407 4087 huiusmodi,
1429 4017 1510 4094 quod
1529 4015 1635 4074 indicet
1647 4011 1694 4069 du·

375 4115 485 4191 plicem
506 4115 641 4189 modum,
670 4117 815 4194 appellari
842 4119 874 4176 id
895 4135 965 4190 vas,
991 4120 1072 4194 quod
1097 4119 1129 4178 in
1150 4119 1360 4194 antiquissima
1382 4137 1506 4178 mensae
1527 4113 1693 4178 mensuralis
1752 4169 1753 4176 ,

374 4217 475 4276 forma
496 4227 729 4279 consentaneum
750 4229 798 4279 est
820 4220 983 4279 secundum
998 4221 1173 4298 capacitatis
1195 4221 1293 4280 locum
1316 4221 1458 4295 tenuisse,
1481 4231 1514 4280 ut
1535 4230 1605 4298 post
1623 4233 1694 4276 men·

375 4337 460 4378 suras
475 4320 676 4398 eiusAugusti
687 4331 821 4398 tempore
840 4323 1020 4382 immutatas.
1047 4323 1155 4400 Itaque
1167 4322 1279 4382 Oscum
1291 4324 1434 4382 ‹il-acite
1446 4343 1541 4402 paene
1551 4322 1626 4381 idem
1635 4335 1692 4377 esse

374 4421 552 4482 vocabulum
569 4424 767 4500 compositum
789 4425 919 4484 arbitror
940 4443 975 4484 ac
986 4425 1128 4484 Latinum
1151 4427 1220 4496 bea,
1242 4425 1322 4501 quod
1344 4445 1361 4483 e
1383 4424 1538 4496 *bi-assai,
1560 4424 1693 4484 *bi-ossis

377 4533 474 4581 ortum
497 4543 565 4584 esse
588 4527 801 4601 demonstravi,
824 4528 1006 4606 comparatis
1028 4526 1152 4586 vocibus
1176 4531 1391 4604 quicqu-aerio,
1415 4531 1540 4588 tressi-⁸
1562 4544 1614 4603 pro
1633 4521 1693 4580 *tri-

375 4629 468 4694 cast-s,
485 4627 638 4686 bic-esais
653 4647 708 4705 pro
723 4629 941 4702 *ti-dac-esct-c,
958 4634 1064 4702 cam-ie,
1085 4630 1129 4688 ita
1144 4638 1177 4688 ut
1191 4631 1251 4688 b-ea
1265 4630 1385 4705 proprie
1401 4631 1475 4688 daus
1492 4640 1593 4704 partes
1607 4628 1692 4685 tertius

374 4731 449 4787 assic
470 4729 565 4804 pondo
588 4730 749 4807 significet,
777 4741 839 4790 tum
861 4732 937 4790 duas
959 4740 1059 4810 partes
1083 4732 1186 4790 tertias
1212 4733 1440 4809 qualiscumque
1467 4732 1512 4790 rei
1540 4731 1639 4800 totius,
1663 4731 1692 4779 ut
1751 4753 1752 4802 l

373 4829 466 4888 modii
487 4849 587 4888 rerum
609 4831 761 4890 aridarum
783 4840 813 4890 et
835 4835 959 4892 sextarii
980 4833 1162 4912 liquidarum
1185 4853 1285 4893 rerum
1307 4842 1338 4891 et
1358 4834 1453 4912 iugeri
1475 4834 1541 4910 agri
1566 4833 1688 4906 (Accept-

374 4929 421 5002 ΙΙ,
437 4930 503 4990 413.
518 4932 588 5004 687,
610 4934 653 4992 ed.
669 4935 696 4993 2.
730 4934 981 4995 Pauliacum.
1001 4956 1032 5012 p.
1048 4936 1100 4995 33.
1132 4935 1610 5012 Scribon.00mpos.medic.157.
1640 4929 1687 4987 Cic-
1751 4959 1752 4976 κ

373 5032 434 5090 Aa.
449 5033 508 5106 rr,
528 5035 577 5106 15,
604 5036 632 5094 7.
675 5033 755 5094 Ptin.
773 5034 813 5094 N.
829 5037 869 5095 rr.
885 5037 1014 5109 XVrrr,
1040 5039 1083 5110 11,
1101 5037 1149 5096 26.
1174 5035 1207 5096 a.
1225 5037 1320 5098 caso.
1343 5039 1369 5115 ι,
1384 5056 1408 5096 0.
1423 5039 1488 5098 rae.
1532 5036 1619 5095 aaa.
1639 5027 1686 5094 XI,

374 5133 424 5206 36,
444 5137 472 5194 7.
520 5133 628 5195 Colum.
646 5135 682 5210 V,
701 5137 746 5213 1).
789 5137 896 5216 Itaque
919 5136 1031 5198 Oscum
1053 5139 1253 5216 compositum
1276 5141 1418 5200 dtas-its
1440 5149 1471 5199 et
1483 5139 1619 5198 Latinum
1639 5135 1688 5192 bet

370 5253 427 5312 pro
462 5235 626 5310 *bi-aesta,
677 5233 826 5300 *tt-aesia
872 5261 912 5300 ex
958 5241 1062 5300 eadem
1104 5241 1196 5320 stirpe
1231 5241 1338 5300 Italica
1377 5243 1530 5302 *dai-osei-
1565 5239 1686 5297 videntur

370 5347 438 5396 orta
479 5355 558 5413 esse,
601 5339 639 5398 ad
682 5359 774 5417 quam
817 5341 900 5403 Osce
942 5343 1044 5404 adfixa
1085 5351 1134 5402 est
1175 5343 1324 5420 particula
1366 5348 1416 5403 -ἑο,
1486 5347 1583 5421 Atque
1622 5341 1685 5397 hanc
1750 5423 1751 5428 ἵ
