3520 6006
337 619 410 688 104
642 619 950 692 oesrrvrrroa'rs
977 641 1253 694 aaronsrnrcsa
1279 644 1358 693 xvi.

336 811 475 869 nimirum
498 821 724 888 recuperatores
741 825 912 890 aprsetore
934 815 1097 892 postulare.
1130 814 1210 874 Nam
1232 817 1262 874 iu
1285 815 1383 875 iudice
1404 835 1464 875 uno
1485 833 1663 892 quamquam

335 913 454 972 sortitio
475 913 605 973 sortasse
631 915 727 974 locum
756 916 941 989 nonhabet,
969 919 1080 994 quippe
1106 935 1194 994 quem
1221 929 1272 976 aut
1297 919 1408 996 potitor
1433 937 1485 976 reo
1511 919 1592 977 ierat
1616 929 1665 977 unt

333 1017 531 1092 magistratus
552 1018 689 1095 partibus
711 1018 771 1089 det,
792 1028 1018 1094 recuperatores
1038 1014 1114 1078 ‘sors
1138 1028 1167 1078 et
1189 1039 1264 1077 urna
1282 1016 1483 1098 adsignu’1),
1506 1041 1562 1080 nec
1584 1023 1664 1098 quic·

333 1135 423 1193 quam
438 1119 570 1195 impedit,
593 1121 751 1196 quominus
768 1121 907 1178 mulieres
923 1141 976 1179 eae
992 1120 1153 1197 dequibus
1172 1123 1270 1200 agitur
1286 1143 1352 1181 cum
1368 1121 1403 1182 C.
1419 1121 1562 1184 Lucretio
1584 1145 1663 1182 rccu-

333 1235 487 1296 peratorcs
511 1221 702 1298 sumpserint
747 1221 887 1281 Lucretio
908 1232 1009 1282 autem
1032 1223 1106 1283 satis
1130 1224 1312 1300 explicatur,
1341 1225 1367 1284 si
1395 1225 1433 1282 ab
1460 1245 1497 1284 eo
1523 1227 1592 1302 ipso
1614 1228 1663 1303 qui

332 1333 558 1399 recuperatores
586 1325 759 1399 postulabat
785 1345 860 1384 urna
887 1325 926 1382 ad
953 1343 1005 1384 eos
1032 1327 1201 1384 sortiendos
1226 1328 1326 1386 iuius
1349 1326 1502 1386 afferenda
1527 1340 1608 1396 erat;
1635 1329 1662 1386 id

333 1427 414 1502 quod
436 1446 488 1484 cur
509 1427 552 1484 itu
573 1446 632 1484 non
655 1427 747 1486 suerit
767 1447 827 1486 non
850 1428 945 1486 video.

411 1716 434 1776 ¹)
459 1718 561 1770 Plinius
579 1733 671 1784 paneg.
687 1720 721 1769 36
742 1720 836 1769 collato
856 1719 981 1771 Suetonio
1001 1721 1063 1772 Ner.
1079 1723 1121 1772 17.
1160 1721 1201 1772 cf.
1220 1721 1321 1772 Plinius
1340 1722 1366 1772 h.
1384 1739 1410 1772 n.
1430 1723 1511 1787 praef.
1526 1726 1559 1774 8:
1579 1723 1660 1790 plu-ri-

332 1827 395 1860 mam
412 1809 499 1875 refert,
519 1811 642 1860 sortiatur
660 1811 756 1876 uliquis
773 1809 880 1862 iudicem
900 1829 934 1862 au
952 1812 1040 1879 stipat.
1093 1833 1096 1845 ·

772 5339 875 5390 Formis
894 5339 1059 5390 Academicis
1079 5339 1123 5404 (G.
1137 5339 1227 5405 cht).
