3520 6006
557 651 667 706 FASTI
692 653 774 704 FER.
803 651 930 704 LATIN.

591 825 695 885 ause
761 841 776 882 n
789 867 879 882 .....

633 927 692 986 537
758 943 907 984 ι·ν....

632 1029 691 1088 538
757 1044 923 1088 ΜΛΝ..

631 1131 691 1190 539
755 1145 908 1188 Α·ι....

632 1233 692 1292 540
755 1249 926 1310 Μ·ν..,...

101 1544 168 1603 Haec
185 1539 347 1602 ‘nominum
368 1537 534 1620 principia,
557 1541 746 1601 Bormannus
761 1543 812 1612 ait,
833 1537 962 1600 ‘constat
982 1560 1042 1601 non
1065 1543 1246 1620 pertinuisse
1261 1543 1299 1602 ad
1314 1544 1411 1602 fastos

100 1646 264 1716 consulares;
288 1645 411 1723 quinam
427 1664 499 1704 vero
514 1645 649 1702 homines
672 1645 863 1703 nominentur
884 1640 1065 1720 ignoramus’
1086 1645 1121 1721 (l.
1138 1644 1188 1721 c.).
1221 1644 1411 1706 Burmannus

99 1769 186 1826 nempe
212 1749 249 1808 de
276 1747 497 1806 ordinariorum
524 1747 680 1805 consulum
708 1747 796 1806 fastis
823 1747 969 1823 loquiturz
1002 1767 1071 1806 nam
1101 1747 1138 1806 ad
1165 1746 1305 1807 suffectos
1337 1748 1412 1808 haec

97 1852 226 1910 nominum
249 1850 401 1928 principia
422 1849 542 1908 minime
564 1866 655 1926 posse
677 1850 826 1925 pertinere
847 1849 916 1925 quis
938 1848 1126 1908 adfirmabit?
1169 1849 1266 1908 Immo
1288 1869 1360 1909 rero
1383 1852 1409 1910 si

97 1955 126 2011 ab
144 1931 294 2011 drralium
323 1951 432 2010 tabulis
462 1951 631 2028 exemplum
657 1951 803 2028 petimus,
831 1969 957 2028 pronum
983 1953 1041 2011 erit
1066 1951 1213 2010 coniicere
1239 1953 1316 2012 hauc
1340 1970 1409 2012 esse

97 2056 244 2114 columnam
266 2053 413 2112 fastorum
436 2054 502 2112 aeri
524 2053 618 2112 multo
644 2053 836 2130 posterioris,
863 2055 971 2129 quibus
999 2053 1114 2112 suffecti
1140 2055 1295 2132 ignotique
1320 2056 1408 2114 nobis

95 2157 213 2216 consules
233 2156 348 2215 latinas
371 2156 572 2215 celebrarunt:
595 2173 709 2232 eosque
730 2156 797 2213 loco
819 2175 880 2214 non
902 2175 956 2215 suo
971 2174 1038 2216 esee
1053 2157 1232 2235 descriptos,
1255 2158 1337 2235 quod
1358 2157 1407 2218 de-

94 2261 192 2318 ficiente
212 2260 274 2318 iam
298 2259 396 2337 spatio
418 2257 563 2335 quidquid
586 2258 670 2317 vacui
693 2257 818 2336 parietis
841 2269 1008 2336 supererat,
1035 2259 1218 2336 interpolata
1239 2269 1407 2339 temporum

94 2363 156 2420 serie
169 2363 255 2421 novis
271 2362 418 2420 fastorum
438 2360 590 2420 laterculis
611 2360 800 2438 implebatur.
834 2361 967 2420 Athana
982 2363 1182 2422 coniecturam
1198 2362 1407 2440 fragmentum,

94 2465 158 2540 quod
178 2465 315 2537 sublicio,
337 2481 463 2541 prorsus
485 2463 604 2523 evertit:

483 2695 489 2708 .
505 2695 511 2709 .
526 2697 531 2708 .
546 2696 553 2709 .
566 2677 631 2709 svrs
651 2693 993 2710 .................

482 2797 488 2810 .
503 2797 509 2810 .
524 2797 530 2811 .
549 2769 676 2814 osavrtae
690 2795 992 2813 ...............

483 2899 489 2913 .
504 2900 509 2912 .
523 2899 530 2914 .
544 2898 552 2913 .
566 2871 738 2914 cuvrvutvs
761 2869 817 2914 εει.
832 2872 852 2922 s.
859 2897 992 2914 .......

674 2972 777 3016 tantos

482 3103 489 3116 .
504 3103 509 3116 .
525 3105 531 3118 .
545 3103 552 3118 .
566 3075 724 3120 roatrcrvs
737 3091 743 3104 ·
757 3075 808 3120 Nic
816 3101 991 3118 .........

482 3205 488 3220 .
504 3205 529 3220 ..
550 3177 736 3232 qleCTlles
752 3204 990 3220 ............

89 3384 141 3443 lam
161 3387 322 3446 Henzeuus
344 3387 459 3446 monuit
480 3387 534 3445 has
557 3387 672 3444 litteras
694 3385 731 3444 ad
754 3405 854 3444 earum
879 3386 1000 3458 seriem,
1028 3405 1104 3462 quae
1127 3386 1296 3463 adscriptae
1318 3398 1403 3447 erant

88 3489 160 3546 annis
185 3489 376 3562 536-540,
408 3489 537 3548 fortasse
568 3489 717 3566 pertinere
749 3487 852 3564 (Ball.
875 3487 941 3546 dell’
965 3489 1018 3546 Ist.
1044 3488 1123 3546 1870
1146 3509 1174 3566 p.
1194 3489 1287 3565 135):
1321 3491 1403 3565 quod

87 3599 185 3650 attento
205 3593 344 3651 instituto
360 3592 497 3652 examine
509 3607 567 3668 'ego
583 3611 685 3650 verum
708 3607 776 3649 esse
798 3591 926 3668 repperi.
961 3588 1093 3648 Nomina
1114 3599 1194 3649 recto
1210 3609 1282 3650 casu
1298 3611 1317 3650 a
1331 3611 1401 3650 eon·

88 3691 170 3751 sulum
184 3695 337 3752 notatione
353 3701 423 3752 sunt
437 3694 609 3752 necessario
625 3693 753 3751 diversa.
787 3691 946 3767 Quodnam
962 3692 1115 3751 hominum
1130 3711 1225 3770 genus
1240 3693 1294 3751 illa
1309 3695 1402 3770 signi-

86 3795 173 3868 ficent,
194 3796 326 3856 difficilis
348 3797 483 3872 quaestio
506 3805 561 3854 est.
607 3794 654 3854 De
676 3795 850 3870 praefectis,
878 3795 928 3870 qui
950 3793 1090 3852 seriarum
1113 3795 1272 3854 latinarum
1296 3797 1401 3856 diebus

87 3897 143 3956 urbi
167 3907 324 3976 praeerant
350 3909 379 3956 et
406 3898 517 3975 singuli
539 3898 667 3976 singulis
693 3897 779 3956 annis
806 3897 997 3969 creabantur,
1028 3898 1125 3972 primo
1152 3899 1291 3975 cogitavi.
1336 3899 1401 3957 line

87 4007 161 4058 sexto
187 4003 269 4061 urbis
291 4001 429 4060 conditae
456 4001 577 4059 saeculo
603 3999 764 4058 latinarum
791 4000 878 4058 lastis
906 3998 1037 4058 adscribi
1062 3999 1180 4076 coepti?
1224 3997 1400 4060 Flauiorum

85 4113 152 4161 certe
178 4111 287 4176 aetate,
317 4103 356 4161 ad
383 4121 472 4178 quam
501 4103 667 4161 mariniana
692 4103 860 4178 fragmenta
888 4101 1050 4179 pertinent,
1079 4103 1285 4162 huiuscemodi
1313 4123 1400 4180 prae-

85 4203 212 4266 fectorum
234 4208 266 4264 in
287 4207 335 4265 luis
355 4205 444 4264 fastis
471 4206 581 4264 mentio
604 4205 695 4263 nulla.
738 4205 900 4262 Praeterea
921 4203 1083 4264 Henzenus
1110 4205 1222 4263 monuit
1248 4207 1278 4265 t.
1302 4209 1320 4266 5
1349 4207 1399 4265 lit-

85 4315 152 4366 teras
174 4324 300 4379 urc...,
327 4307 495 4384 graecanici
518 4308 704 4383 cognominis
732 4307 864 4379 initium,
890 4307 1061 4366 libertinum
1092 4307 1241 4366 hominem
1271 4309 1399 4384 prodere

85 4409 180 4468 rideri:
205 4411 237 4468 id
257 4409 337 4487 quod
359 4410 473 4468 omissa
495 4411 588 4486 patris
604 4411 716 4468 mentio
731 4409 895 4467 confirmat.
930 4408 978 4467 De
999 4409 1151 4467 humiliori
1173 4409 1265 4488 igitur
1287 4411 1399 4470 civium

85 4511 174 4570 ordine
186 4513 234 4570 rel
248 4523 334 4570 coetu
349 4511 550 4589 cogitandum.
583 4511 743 4588 Inscriptio
764 4531 831 4569 curn
853 4511 900 4570 his
923 4511 1097 4589 fragmentis
1120 4513 1150 4570 in
1172 4513 1398 4572 montealbano

85 4625 188 4688 reperta
208 4624 238 4672 et
252 4615 290 4672 ab
305 4614 449 4673 Henzeno
472 4615 551 4672 edita
572 4621 602 4671 et
621 4614 770 4671 illustrata
786 4611 926 4672 Cabenses
948 4615 1109 4672 sacerdotes
1124 4615 1270 4690 seriarum
1293 4617 1397 4676 larina-

86 4733 137 4772 rum
155 4721 252 4774 montis
273 4717 375 4775 alboni
395 4716 536 4775 nominat.
582 4713 700 4774 Horum
722 4715 909 4774 sacerdotum
937 4713 1025 4774 facile
1052 4733 1124 4774 cura
1145 4717 1305 4775 latinarum
1327 4717 1398 4777 fasti

86 4827 143 4874 sunt
161 4818 260 4877 incisi:
290 4837 454 4896 eorumque
475 4819 575 4878 album
598 4818 653 4876 illa
674 4819 826 4876 nominum
850 4817 953 4888 series,
975 4817 1092 4894 opinor,
1115 4819 1246 4878 exhibet.
1290 4819 1398 4898 Neque

85 4935 205 4994 opponas
227 4939 291 4980 earu
313 4922 356 4982 ita
376 4939 444 4981 esse
466 4921 655 4998 dispositam,
678 4929 710 4979 ut
731 4919 859 4998 siugulis
877 4919 964 4978 annis
988 4919 1107 4996 singula
1129 4921 1251 5004 nominp
1271 4941 1396 4998 respon-

84 5019 160 5082 deant
189 5033 219 5082 et
251 5043 316 5084 cum
343 5025 430 5084 fastis
461 5023 661 5084 necessariam
693 5022 850 5082 videantur
878 5022 1115 5082 coniunctionem
1143 5022 1262 5082 habere.
1305 5024 1340 5082 ld
1365 5025 1397 5084 iu

84 5122 233 5202 fragmento
258 5145 404 5186 annorum
431 5125 609 5185 osc-540
642 5125 709 5184 solo
737 5144 808 5185 casu
837 5143 934 5202 neque
963 5125 1084 5184 omniuo
1113 5125 1153 5183 ad
1182 5127 1324 5186 amussim
1352 5127 1395 5186 fit.

83 5223 113 5282 ln
132 5225 220 5286 altero
241 5247 324 5300 vero,
345 5229 426 5318 quod
447 5229 620 5306 proposui,¹
634 5227 802 5305 fragmento
826 5243 1059 5286 ...cnvrvnrvs
1082 5243 1147 5287 sex.
1161 5230 1190 5304 s.
1214 5244 1396 5288 ...aaron

84 5325 194 5389 duorum
214 5349 357 5392 annorum
380 5331 510 5408 spatium
531 5331 655 5389 obtinet.
700 5329 763 5391 Cur
784 5329 882 5390 album
905 5331 977 5403 hoc,
1000 5348 1067 5388 mea
1088 5329 1274 5403 coniectura,
1297 5349 1395 5390 sacer-

1148 5430 1190 5490 71
