3504 6004
413 628 720 682 oasnnvsrmuss
748 627 1025 682 urrunsrnrcsn
1043 629 1135 680 xvn.
1361 609 1434 680 255

110 795 253 888 θυγιιτιίρ,
273 805 303 862 in
325 805 490 880 posteriore
511 802 528 874 ἦ
550 794 698 869 βαοιὶίιιν
714 791 763 872 μὲν
776 795 926 888 θυγατήρ,
946 793 1095 867 Cunthiam
1117 789 1148 860 dd
1169 795 1258 888 taa‘rsyp
1273 793 1435 888 Τρύφαινα.

107 908 251 967 Antoniae
276 923 383 964 nornen
409 906 568 982 repetitum
596 923 664 967 esse
693 913 777 984 patet
808 907 846 964 ab
872 907 942 966 avia
962 905 1025 964 filia
1050 912 1122 964 natu
1154 905 1286 966 maxima
1307 907 1434 966 Antonii

105 1009 206 1069 lllriri
237 1010 266 1066 in
297 1008 385 1067 titulo
413 1005 579 1086 Smyrnaeo
611 1009 762 1088 appellata
793 999 942 1093 εὐεργέτις,
970 1027 1047 1087 quae
1079 1009 1301 1084 quodammodo
1329 1010 1433 1087 stirpis

106 1131 173 1171 suae
194 1112 381 1188 splendorem
404 1111 588 1189 lundarit¹).
632 1112 723 1172 Prius
745 1111 896 1171 decretum
919 1111 1032 1170 sactum
1054 1119 1100 1172 est
1121 1111 1287 1189 imperante
1303 1111 1428 1172 Tiberio

104 1221 166 1292 post
199 1211 303 1290 Cotyis
331 1214 444 1274 obitum
479 1215 602 1292 opinor,
632 1215 715 1274 cuius
740 1215 824 1274 nulla
858 1214 899 1274 ibi
920 1214 1032 1272 mentio
1053 1213 1095 1272 fit.
1139 1212 1220 1274 Nam
1241 1215 1352 1292 virgini
1373 1234 1429 1274 nec

105 1316 295 1376 sacerdotium
315 1315 422 1376 Liviae
444 1317 519 1376 satis
542 1316 691 1388 convenit,
713 1318 794 1394 quod
816 1317 843 1376 ei
865 1316 971 1376 titulus
993 1316 1107 1388 tribuit,
1129 1335 1184 1376 nec
1204 1317 1362 1393 probabile
1383 1327 1430 1377 est

103 1419 306 1497 Tryphaenam
333 1431 405 1497 post
425 1419 540 1478 obitum
561 1419 680 1478 demum
703 1419 833 1496 Augusti
857 1417 949 1496 Cotyi
975 1419 1129 1495 nupsisse,
1158 1437 1213 1478 nee
1235 1419 1427 1480 necessitudo

104 1521 294 1599 Tryphaenae
324 1521 387 1580 ulla
408 1541 475 1580 cunr
498 1520 657 1598 Cyzicenis
684 1521 741 1580 fuit
765 1521 824 1580 nisi
853 1531 975 1599 propter
996 1522 1145 1580 maritum.
1191 1519 1333 1600 Cyziceni
1362 1542 1427 1581 cum

102 1642 160 1682 eam
182 1635 336 1682 creassent
357 1623 542 1683 sacerdotem
563 1624 658 1682 Iulias
679 1625 850 1700 Augustae,
877 1624 1017 1701 quoniam
1045 1634 1195 1684 aeternam
1218 1625 1338 1684 domum
1364 1645 1427 1684 ma-

100 1727 167 1784 ximi
199 1727 321 1785 deornm
349 1726 397 1785 Ti.
422 1728 553 1804 Augusti
580 1725 736 1803 Drusique
761 1726 863 1786 fratris
892 1727 955 1785 eius
985 1744 1103 1784 summa
1135 1727 1281 1804 religione
1308 1727 1429 1800 coleret,

101 1830 198 1888 matris
226 1819 345 1898 borum',
372 1828 488 1888 scilicet
507 1829 605 1888 Iuliae
627 1831 783 1906 Augustae
805 1829 966 1906 imaginem
989 1828 1174 1905 Tryphaena
1199 1829 1319 1906 publice
1345 1829 1428 1888 dedi·

103 1929 229 2008 canet).
273 1931 405 1990 Drusum
431 1931 555 1990 fratrem
578 1931 694 1990 Tiberii
722 1941 882 2010 eapropter
908 1932 1054 1990 adiectum
1081 1949 1149 1990 esse
1175 1942 1315 2010 apparet,
1345 1933 1427 2010 quod

101 2032 294 2110 Tryphaenae
317 2034 403 2092 aviae
426 2052 514 2092 soror
529 2033 632 2093 Druso
654 2047 798 2112 nupserat
819 2035 920 2110 itaque
939 2034 1061 2093 Drusus
1084 2043 1114 2092 ot
1128 2034 1311 2112 Tryphaena
1332 2035 1427 2094 alfini-

100 2144 155 2193 tate
176 2137 385 2214 iungebantur.
430 2134 600 2197 Secundum
622 2137 772 2196 decretum
794 2137 904 2195 sactum
927 2145 974 2195 est
998 2137 1163 2214 imperante
1185 2135 1264 2196 Gaio
1285 2138 1351 2212 ipso
1373 2137 1428 2196 illo
1484 2145 1504 2218 ᾗ

101 2239 202 2314 opinor
223 2257 284 2315 quo
307 2256 432 2316 regnare
454 2239 553 2314 coepit
574 2258 653 2298 anno
664 2237 705 2316 ³),
728 2259 787 2317 quo
809 2247 943 2316 tempore
965 2239 1150 2316 Tryphaena
1172 2259 1238 2296 cum
1260 2239 1333 2298 liliis
1355 2230 1428 2298 duo·

99 2339 151 2398 bns
173 2350 246 2399 natu
261 2342 424 2400 maioribus
440 2339 582 2419 Cyzicum
606 2341 729 2401 advenit
750 2342 788 2402 ad
808 2343 897 2401 ludos
914 2342 956 2401 ibi
972 2341 1102 2401 edendos
1118 2342 1191 2401 deae
1206 2361 1302 2401 novae
1315 2339 1427 2402 Veneri
1521 2421 1525 2430 1

99 2441 261 2502 Drusillae.
277 2477 318 2486 —
332 2443 534 2502 Necessitudo
556 2463 633 2520 quae
655 2445 732 2503 inter
746 2445 909 2504 Antoniam
933 2445 1058 2520 eiusque
1079 2445 1190 2503 liberos
1213 2451 1243 2502 et
1258 2441 1426 2521 Cyzicenos

97 2544 251 2604 intercedit
279 2564 398 2605 summa
423 2555 453 2606 et
481 2547 523 2604 ita
550 2557 736 2624 comparata,
768 2556 800 2606 ut
827 2545 957 2623 Cyzicus
984 2547 1022 2606 iis
1051 2555 1201 2624 tamquam
1229 2547 1301 2605 urbs
1329 2546 1427 2623 patria

99 2647 231 2724 esset⁴),
261 2648 325 2707 sine
347 2647 437 2708 dubio
463 2648 533 2706 inde
558 2649 721 2727 repetenda
747 2657 807 2721 est,
836 2649 917 2726 quod
944 2667 1105 2727 puerorum
1133 2649 1253 2708 illorum
1275 2650 1425 2726 regiorum

97 2767 222 2824 proavus
250 2747 363 2810 Sadala
383 2752 545 2828 aliquando
567 2752 667 2822 inians
689 2771 708 2810 a
722 2749 880 2829 Cyzicenis
903 2765 1040 2828 receptus
1063 2752 1144 2830 apud
1169 2770 1223 2811 eos
1246 2751 1425 2812 adoleverat

98 2849 181 2926 lpsos
214 2851 294 2911 enim
321 2872 381 2912 non
410 2863 471 2912 tam
500 2852 602 2932 Cyzici
631 2873 721 2931 quam
743 2854 858 2913 Rornae
885 2853 1029 2914 educatos
1057 2873 1125 2914 esse
1152 2873 1223 2914 mox
1249 2853 1425 2916 videbimus.

98 2983 134 2997 -
153 2953 200 3014 De
223 2956 355 3015 nummis
378 2955 577 3034 Tryphaenae
598 2957 689 3018 huius
709 2957 790 3016 infra
811 2957 925 3018 dicetur
945 2957 976 3016 in
998 2957 1171 3018 Polemone.

171 3123 205 3193 7.
248 3119 497 3223 Rhescuporis
519 3152 644 3223 patruus
667 3144 887 3223 praecedentis,
916 3143 1046 3206 Sadalae
1068 3145 1160 3224 igitur
1181 3154 1212 3202 et
1232 3143 1424 3203 Polemocra-

97 3243 149 3300 tiac
163 3243 246 3303 lilius
268 3255 342 3306 natu
364 3247 515 3322 minimus,
538 3267 605 3307 cum
619 3255 764 3326 regnante
780 3248 873 3306 lratre
888 3249 920 3308 in
934 3247 1108 3307 Pannonico
1123 3246 1202 3306 bello
1224 3246 1342 3305 laudem
1365 3246 1423 3306 sibi

96 3347 302 3424 meruissem),
330 3356 400 3426 post
420 3349 524 3409 fratris
547 3358 671 3408 mortem
699 3357 784 3426 parte
810 3351 893 3426 regni
915 3351 1073 3429 impetrata
1098 3357 1192 3408 toturn
1220 3349 1278 3408 sibi
1305 3349 1424 3426 paravit

95 3449 261 3522 captivitate
283 3451 428 3528 primum,
458 3451 565 3512 deinde
587 3454 677 3511 caede
700 3453 801 3512 fratria
822 3453 890 3524 filii,
913 3453 966 3512 sed
989 3471 1047 3510 non
1070 3452 1121 3510 diu
1143 3451 1238 3510 tenuit
1259 3469 1277 3508 a
1298 3450 1421 3510 Tiberio

94 3568 180 3628 regno
201 3553 343 3628 primum,
365 3572 437 3612 mox
459 3555 523 3613 vita
544 3555 679 3631 privatus
703 3555 746 3632 (p.
764 3553 824 3614 254
846 3555 914 3614 adn.
932 3554 975 3631 5).

95 3763 292 3776 ⁸⁵*—

167 3947 190 4010 ¹)
216 3949 286 3998 Vide
305 3948 381 3998 huius
400 3949 458 4014 eph.
478 3950 560 3999 roll
581 3967 606 4016 p.
622 3951 675 4000 270
694 3965 747 4014 seq.

161 4037 185 4102 ²)
209 4042 351 4092 Decretum
379 4042 415 4090 sic
446 4043 549 4107 incipit:
576 4039 627 4090 tmt
650 4033 770 4091 Ἀντωνία
788 4028 918 4108 Τρίψοιινα
1022 4027 1065 4089 τίν
1088 4027 1175 4091 ιὶιίιιον
1204 4037 1249 4090 rosi
1274 4033 1420 4109 psylcro[n]

94 4128 152 4180 θοῦν
169 4128 295 4200 Τιβερίου
314 4129 450 4192 Σεβαστοῦ
471 4129 603 4202 Καίσαρος
628 4125 694 4182 alasa
720 4131 771 4197 [καί
793 4123 836 4182 τίν
859 4130 903 4184 τοῦ
927 4129 1041 4200 adalpoli
1064 4125 1139 4182 edroi
1157 4127 1270 4200 Νίριινος
1289 4121 1420 4200 Δρούσου]

94 4211 131 4270 hl
152 4215 244 4282 κοπίς
269 4217 412 4288 εὐσεβοῦσι
436 4220 651 4296 οιιγιιαθιίριισῂ]
676 4223 708 4298 τῇ
726 4214 842 4274 Πολιιίδι
859 4219 959 4291 Ἀθηνᾷ
978 4213 1081 4292 ἄγαλμα
1098 4221 1139 4282 τῖς
1166 4211 1257 4293 μητρίς
1276 4216 1353 4274 adadu

95 4347 270 4366 ..........
298 4311 510 4385 [παραλοβῙοίίσο
538 4305 606 4386 stupri
634 4316 678 4382 τῆς
705 4307 801 4375 aubroc
830 4311 952 4386 ltparcius
980 4311 1091 4385 αίτῆ[ς].
1135 4317 1200 4370 Μοιι
1231 4319 1323 4366 dicitur
1350 4304 1421 4384 lspsy'c

96 4403 223 4472 Σεβαστῆς
241 4398 407 4478 Νιιιιηφίροα.
445 4411 525 4460 Drusi
545 4425 639 4460 nomen
664 4419 692 4460 ut
710 4411 870 4476 suppleatur,
897 4411 1014 4476 flagitant
1032 4425 1098 4476 quae
1117 4417 1257 4476 sequuntur
1276 4409 1355 4459 rerba
1378 4406 1421 4472 τῆς

97 4487 180 4568 μητρίς
198 4494 284 4552 adreio.

162 4593 186 4657 ²)
212 4596 253 4645 Eo
273 4595 345 4644 ducit
364 4604 389 4644 et
408 4594 477 4660 quod
496 4595 550 4661 ipse
570 4597 711 4660 imperator
729 4595 863 4661 hipparchi
882 4597 969 4646 locum
984 4595 1071 4661 Cyzici
1092 4595 1202 4645 obtinuit
1222 4602 1274 4644 tum
1295 4610 1354 4644 cum
1374 4593 1418 4643 de-

96 4693 182 4736 cretum
206 4687 304 4737 factum
329 4694 368 4736 est
391 4694 417 4736 et
442 4687 576 4738 universus
607 4695 680 4738 tenor
703 4688 765 4738 eius.
809 4687 925 4738 Drusilla
949 4689 1019 4754 qnod
1047 4688 1153 4740 Graecis
1181 4688 1274 4738 dicitur
1298 4675 1351 4736 θιιί
1376 4681 1418 4734 νίιι

94 4765 235 4843 Ἀφριδιίτη
256 4786 354 4830 tantum
373 4780 458 4842 abest,
484 4787 511 4831 ut
531 4781 686 4831 contrarium
705 4779 810 4848 probet,
836 4789 865 4830 ut
883 4783 955 4830 rivae
974 4781 1002 4831 id
1021 4781 1102 4846 magis
1122 4782 1259 4830 conveniat
1277 4793 1354 4844 quam
1375 4778 1419 4828 de-

98 4865 199 4920 iunctae.
232 4871 305 4924 Obiit
323 4879 408 4922 autem
428 4887 497 4924 anno
515 4873 575 4924 Gaii
594 4873 707 4924 secundo
726 4890 752 4938 p.
767 4873 797 4924 C.
812 4873 856 4924 38.

163 4957 190 5024 ⁴)
211 4963 309 5026 Mater,
335 4971 363 5013 ut
382 4965 419 5014 ait
437 4965 566 5015 decretum
586 4966 708 5027 alterum,
733 4951 822 5028 τοίτην
842 4965 985 5030 (Cyzicum)
1005 4957 1109 5034 ἦγημίνη
1129 4958 1237 5032 πατρίδα
1258 4957 1325 5012 alnon
1343 4979 1370 5010 τι
1389 4955 1418 5012 τί

97 5045 201 5116 tolerans
224 5047 267 5106 καί
297 5050 355 5117 βίον
378 5044 408 5104 τί
433 5046 579 5128 ιιίτιίχ[ημα
597 5045 775 5126 ανιμι]ση’τοις
796 5047 1011 5126 εὐδαιμονήσουσι
1033 5055 1120 5108 τίκνιιν
1138 5053 1285 5121 βασιλιιάις
1309 5053 1420 5106 ίιταίίθα

9 5161 10 5164 ’
97 5135 196 5210 ἵδρυται.
234 5149 296 5198 Filii
315 5163 346 5199 eo
365 5150 506 5200 adveniunt
526 5146 578 5220 οὐχ
598 5140 627 5206 uic
647 5147 682 5206 ιίς
700 5143 777 5216 φίλην
797 5138 878 5218 μίνον,
900 5140 973 5200 ahiud
997 5147 1037 5200 καί
1062 5141 1092 5208 ult
1114 5149 1148 5207 ιίς
1170 5147 1274 5217 γνησίαν
1296 5141 1416 5216 πατρίδα.

99 5233 185 5289 Omnes
203 5249 327 5306 rogantur
346 5235 412 5290 ἰδίαν
432 5231 556 5310 ἡγεῖσθαι
574 5235 683 5310 πατρίδα
702 5228 744 5304 τίν
763 5230 847 5292 πίλιν.

163 5329 186 5393 ⁵)
211 5333 265 5383 Dio
285 5334 328 5396 55,
351 5333 394 5385 30.
