3520 6006
344 616 390 686 96
954 632 1060 686 nossr

341 809 421 886 pidis
443 826 547 884 margo
570 809 612 866 ita
633 817 678 866 est
698 807 861 880 diffracta,
883 814 916 865 ut
938 807 1054 866 litterae
1076 804 1196 880 quidem
1220 803 1372 880 perierint,
1399 803 1507 880 planae
1530 820 1599 860 vero
1622 821 1672 859 su-

341 909 473 988 perficiei
487 910 617 987 vestigia
637 919 813 988 appareant3
836 909 932 968 strix
953 909 1043 968 unius
1065 926 1158 984 supra
1172 925 1292 966 versum
1309 905 1327 964 9.
1346 905 1463 964 litterae
1485 903 1671 963 altitudinem

341 1013 380 1070 ad
402 1031 549 1072 summum
571 1012 701 1089 lapidem
729 1012 899 1090 pertingere
920 1011 1057 1080 dimensa
1079 1009 1178 1087 spatia
1199 1009 1413 1068 demonstrent
1457 1006 1573 1066 Versus
1595 1007 1673 1064 tertii

341 1115 426 1174 initio
449 1115 546 1194 prima
566 1115 666 1174 littera
687 1114 710 1191 (t
733 1114 781 1174 vel
802 1131 821 1171 τ
845 1113 892 1173 vel
915 1112 945 1198 s)
968 1132 987 1170 a
1007 1111 1118 1188 lapidis
1140 1121 1275 1172 extremo
1298 1111 1431 1189 margine
1453 1111 1496 1168 ita
1517 1109 1620 1179 distat,
1642 1116 1674 1166 ut

341 1218 380 1276 ad
404 1220 535 1298 rigorem
562 1218 712 1278 subiectae
740 1217 886 1275 fastorum
913 1214 1067 1273 columnae
1095 1215 1136 1274 sit
1161 1215 1318 1272 collocata.
1361 1213 1398 1271 Id
1420 1211 1493 1272 mihi
1519 1231 1580 1270 non
1607 1212 1673 1270 leve

340 1320 482 1382 indicium
504 1320 621 1380 videtur
641 1319 906 1396 praescriptionem
927 1318 1074 1376 fastorum
1102 1333 1194 1394 supra
1219 1315 1318 1394 ipsam
1342 1316 1419 1374 hauc
1439 1315 1609 1374 columnam
1630 1315 1675 1372 in-

340 1423 448 1500 cipere.
493 1420 636 1481 Universi
658 1422 817 1480 latinarum
840 1421 912 1480 fasti
933 1418 1026 1498 lapidi
1049 1419 1135 1476 incisi
1164 1437 1234 1476 num
1258 1438 1277 1475 a
1298 1425 1432 1496 tempore
1453 1417 1674 1478 decemviratus

340 1525 459 1584 demum
486 1524 665 1602 inceperint,
699 1524 756 1582 hoc
785 1541 844 1581 uno
876 1541 936 1582 non
969 1522 1066 1580 ausim
1099 1519 1211 1580 indicio
1238 1520 1371 1580 definire.
1419 1520 1455 1579 Id
1482 1529 1563 1578 certe
1590 1539 1674 1598 prae-

340 1627 463 1704 scriptio
485 1625 625 1698 docebat,
654 1625 738 1685 cuius
764 1625 915 1704 prolixum
937 1631 1054 1683 textum
1076 1621 1169 1681 luisse
1191 1643 1208 1682 e
1230 1623 1443 1698 superstitibus
1466 1642 1494 1680 v.
1518 1623 1537 1681 2
1563 1622 1674 1681 litteris
1757 1617 1758 1688 ᾗ

340 1746 462 1790 ...τνιι
483 1745 587 1788 Αντειι
609 1730 685 1790 satis
706 1728 898 1804 intelligitur:
927 1745 1022 1803 eaque
1044 1725 1115 1802 quid
1139 1725 1265 1784 subiecti
1292 1725 1363 1786 fasti
1391 1726 1578 1784 continerent
1607 1745 1675 1784 esse
1757 1743 1758 1796 j

340 1831 521 1908 explicatum
547 1832 615 1890 v..3
643 1831 737 1890 verba
830 1845 922 1888 taran
944 1843 1094 1888 scatrwra
1120 1827 1280 1887 manifesto
1307 1829 1449 1888 indicant.
1494 1826 1558 1890 Sub
1587 1847 1675 1906 prae·

340 1935 501 2013 scriptione
522 1933 593 1992 fasti
614 1934 646 1992 in
669 1934 823 1994 columnas
846 1931 998 1990 distributi
1019 1929 1193 2008 procedunt.

423 2035 521 2096 coll
541 2056 568 2094 v.
586 2038 614 2096 5.
650 2035 833 2096 Litterarum
855 2051 957 2093 ...vn
981 2033 1032 2092 vix
1053 2051 1171 2091 summa
1192 2041 1222 2091 et
1243 2035 1376 2107 minima,
1401 2054 1438 2094 ea
1459 2044 1558 2093 tamen
1581 2044 1676 2105 certa,
1757 2035 1758 2046 ¹

339 2139 468 2219 vestigia
488 2139 685 2216 deprehendi:
709 2155 875 2216 quaecum
897 2135 1041 2195 historiae
1062 2153 1205 2194 romanae
1227 2136 1384 2196 annalibus
1406 2137 1526 2214 egregie
1548 2155 1676 2196 concor-

287 2317 290 2326 Ι
339 2242 420 2300 dant.
463 2239 543 2300 Nam
566 2240 764 2300 decemvirum
786 2249 884 2300 aetate
911 2241 977 2298 idas
999 2237 1099 2296 Motae
1124 2239 1273 2323 sollemnes
1299 2241 1431 2298 ineundis
1456 2241 1675 2316 mapistrotr'bus
1757 2233 1758 2326 l

339 2353 422 2404 erunt
448 2342 536 2418 (Liv.
551 2344 611 2416 ΙΙΙ,
635 2343 688 2414 36;
716 2343 753 2402 ci.
776 2343 943 2401 Mommsen
964 2341 1001 2398 R.
1027 2340 1130 2400 Cleon.
1154 2361 1183 2418 p.
1200 2341 1238 2399 91
1263 2341 1309 2400 ed.
1326 2340 1378 2417 2):
1408 2361 1476 2400 vere
1498 2342 1594 2418 igitur
1616 2361 1675 2398 nou
1757 2329 1758 2400 l

339 2457 408 2505 aute
422 2447 542 2505 Iunium
562 2446 679 2504 circiter
694 2463 827 2506 mensem
843 2465 861 2502 a
875 2443 961 2504 novis
983 2443 1219 2518 magistratibus,
1242 2461 1368 2520 quorum
1391 2443 1423 2501 id
1444 2444 1574 2502 officium
1601 2454 1675 2516 erat,

339 2548 485 2608 celebrari
518 2557 581 2606 tum
615 2547 728 2607 latinae
759 2553 928 2624 potueruut.
976 2543 1160 2623 Fragmenta
1185 2564 1330 2605 annorum
1358 2545 1532 2606 536-554
1560 2547 1675 2605 latinas

338 2651 439 2729 Aprili
461 2650 510 2710 vel
532 2650 612 2709 Maio
634 2652 696 2710 fere
718 2659 890 2710 constanter
911 2647 1085 2724 adsignant:
1108 2649 1146 2706 iis
1168 2649 1256 2708 annis
1277 2649 1376 2708 idibus
1391 2649 1509 2708 Martiis
1531 2649 1675 2708 consules

338 2753 546 2830 magistratum
568 2753 685 2812 inibant
706 2753 903 2829 (Mommsen,
925 2753 945 2812 l.
962 2768 987 2808 c.
1011 2770 1039 2826 p.
1056 2749 1106 2824 97,
1128 2749 1192 2828 98).
1236 2751 1324 2810 Hanc
1345 2752 1487 2810 feriamm
1509 2751 1674 2810 latinarum

337 2875 405 2914 cum
427 2873 618 2915 romanorum
641 2855 871 2934 magistratuum
894 2855 1053 2914 annalibus
1076 2855 1266 2915 concordiam
1289 2873 1316 2912 v.
1336 2855 1371 2912 ll
1395 2853 1506 2932 insigni
1529 2855 1674 2931 exemplo
1757 2883 1758 2886 ¹

337 2958 500 3017 confirmat.

422 3060 458 3118 V.
476 3061 504 3120 7.
549 3059 745 3120 sollemnium
768 3069 906 3120 notarum
929 3077 1015 3120 m·
1039 3061 1164 3138 (latinae
1183 3058 1322 3137 sueram)
1351 3059 1447 3118 altera
1468 3057 1673 3128 desideratum

338 3163 427 3222 unico
442 3163 472 3222 in
488 3161 534 3221 his
550 3161 648 3236 fastis,
660 3172 802 3241 quantum
818 3163 856 3221 ad
871 3163 948 3222 hanc
963 3163 1041 3222 diem
1056 3165 1206 3236 norimus,
1222 3161 1361 3238 exemplo
1372 3160 1411 3238 ¹).
1441 3161 1478 3220 ln
1492 3161 1675 3240 fragmento,
1757 3157 1758 3214 l

337 3265 420 3342 quod
441 3265 601 3326 Henzeuus
628 3265 722 3326 edidit
741 3266 761 3324 l.
777 3285 801 3324 c.
825 3285 854 3344 p.
873 3265 941 3339 132,
962 3266 992 3339 4,
1019 3267 1083 3325 v.4
1104 3265 1204 3326 littera
1224 3282 1241 3323 s
1263 3263 1341 3323 haud
1368 3264 1481 3324 omissa
1503 3283 1522 3322 a
1542 3264 1677 3341 lapicida

337 3377 391 3438 est,
415 3367 468 3426 ssd
489 3368 587 3446 periit.
848 3351 852 3360 ¹

420 3469 459 3529 V.
476 3469 504 3529 8.
547 3471 717 3546 Antequam
739 3471 937 3548 fragmentum
962 3471 976 3527 1
1002 3480 1083 3530 esset
1109 3479 1258 3549 repertum
1285 3479 1315 3528 et
1337 3470 1354 3527 3
1378 3489 1433 3528 suo
1459 3470 1528 3529 loco
1551 3471 1675 3530 restitu-

337 3581 411 3644 tum,
433 3591 510 3649 quae
531 3572 563 3630 in
585 3591 702 3631 summa
723 3573 853 3632 fractura
873 3573 983 3650 lapidis
1000 3575 1017 3632 3
1034 3583 1212 3652 supererant
1230 3573 1342 3648 exigua
1362 3571 1528 3632 litterarum
1545 3573 1676 3649 vestigia

336 3673 473 3734 Heuaeui
499 3675 651 3752 ingenium
675 3675 761 3734 valde
787 3684 948 3734 torserunt.
992 3657 1182 3734 burmannus
1210 3675 1330 3751 quidem
1356 3675 1387 3734 in
1415 3677 1483 3751 ipso
1507 3662 1611 3734 monte
1634 3675 1675 3732 al·
1757 3667 1758 3686 ¹

336 3778 414 3836 bano
443 3795 480 3836 ea
506 3777 829 3854 rectedescripserat:
857 3779 894 3836 iis
919 3797 989 3836 vero
1017 3777 1126 3837 idonea
1152 3778 1362 3855 supplementa
1388 3778 1472 3836 nulla
1493 3777 1676 3837 videbantur

336 3897 428 3956 posse
450 3878 594 3938 adhiberi.
632 3879 681 3938 Ab
702 3879 846 3940 Henaeno
872 3888 997 3958 rogatus
1025 3879 1155 3958 lapidem
1181 3897 1238 3957 ego
1264 3879 1385 3958 inspexi
1405 3879 1534 3940 Romam
1564 3881 1675 3959 adpor-

336 3991 441 4040 tatum.
478 3981 655 4041 Extremum
677 3983 820 4059 angulum
843 3983 886 4041 ita
907 3983 1047 4042 detritum
1070 3982 1147 4054 vidi,
1171 3990 1261 4040 uteo
1283 3983 1350 4041 loco
1372 3983 1473 4060 potius
1497 4015 1515 4042 ιι
1536 4001 1630 4060 quam
1653 4000 1673 4040 Ν
1757 4019 1758 4040 ι

337 4087 509 4161 appareret:
533 4102 592 4159 quo
614 4084 726 4144 fuctum
749 4093 795 4144 est
810 4092 843 4143 ut
857 4085 1020 4144 Henzeuus
1036 4085 1220 4162 suppleverit
1234 4085 1384 4144 consulant
1399 4095 1550 4144 potestate.
1584 4085 1674 4144 Nunc

337 4187 476 4264 quamvis
498 4186 598 4264 lapide
619 4187 773 4262 deperdito
796 4206 832 4245 ea
855 4187 982 4264 vestigia
1004 4197 1152 4264 nequeant
1172 4188 1279 4245 iterato
1301 4188 1408 4247 subiici
1430 4188 1580 4261 examini,
1608 4189 1673 4248 nul-

336 4289 397 4346 lum
424 4288 573 4364 reliquum
600 4287 723 4348 dubium
752 4297 811 4361 est,
845 4291 917 4366 quin
944 4289 1109 4348 Bormanni
1135 4289 1224 4350 lectio
1252 4291 1409 4349 uerissima
1431 4290 1484 4348 sit.
1527 4291 1565 4348 Id
1593 4291 1673 4348 clare

335 4390 442 4448 docent
462 4390 629 4467 fragmenta
651 4400 720 4467 apte
742 4393 909 4469 composita
935 4391 964 4450 e't
990 4393 1085 4470 ipsius
1112 4391 1222 4470 lapidis
1248 4405 1387 4470 ectypum
1411 4393 1471 4450 uda
1494 4392 1601 4453 charta
1623 4413 1673 4451 ex-

335 4511 473 4568 pressum
495 4493 526 4550 iu
549 4501 649 4552 monte
675 4493 797 4568 albano,
820 4477 987 4572 antequam
1002 4495 1085 4571 longi
1107 4493 1221 4554 itineris
1243 4495 1347 4554 attritu
1369 4496 1548 4572 superstites
1571 4497 1673 4574 apices

336 4595 442 4654 faciem
465 4605 624 4654 mutarent.

417 4697 561 4757 Lectione
576 4700 738 4758 constituta
759 4718 819 4758 uon
834 4699 994 4758 mediocris
1017 4700 1103 4776 pretii
1126 4700 1226 4758 locum
1247 4717 1339 4778 pergo
1354 4701 1517 4760 illustrare.
1549 4701 1592 4759 M.
1608 4701 1672 4760 Ho·
1757 4687 1758 4772 i

335 4777 411 4858 ratio
434 4799 566 4859 Barbato
589 4801 705 4860 consuli
731 4821 758 4860 a.
784 4803 842 4861 305
871 4802 982 4880 duplex
1004 4803 1070 4860 heic
1091 4820 1256 4878 cognomen
1278 4803 1475 4876 adscribitur;
1502 4803 1670 4862 litterarum

336 4903 413 4960 enim
443 4903 572 4980 vestigia
598 4904 744 4976 ...enlm
774 4905 836 4964 sive
863 4905 917 4963 illa
944 4904 1084 4964 ...axla
1114 4905 1178 4964 sive
1200 4904 1357 4964 ...muln
1388 4907 1600 4983 suppleamus,
1629 4905 1670 4964 nil
1757 4915 1758 4988 l

337 5035 539 5049 ——h—

412 5141 435 5206 ¹)
462 5142 502 5206 [Si
523 5147 586 5210 quid
604 5147 694 5208 video,
714 5147 741 5196 in
761 5147 845 5196 feriali
863 5147 925 5198 fuit:
946 5144 1038 5197 Xtu‘ris
1057 5146 1168 5214 lepibfflts
1186 5147 1342 5210 scrichndis
1359 5146 1494 5211 Ltatinue)
1515 5165 1564 5198 noa
1581 5148 1668 5214 [s(ue-

333 5235 427 5298 rnan.
466 5238 571 5291 Scilicet
590 5240 677 5290 alteris
696 5241 787 5290 Xuiris
806 5247 894 5305 utpote
913 5242 1015 5291 iniustis
1034 5241 1083 5290 hoc
1103 5257 1204 5306 quoquc
1222 5241 1429 5306 exprobrabatur
1448 5243 1527 5292 ferias
1551 5241 1669 5306 publicas

335 5344 380 5380 eos
398 5345 451 5382 non
470 5331 570 5383 fecisse.
609 5333 662 5384 Tu.
676 5331 726 5397 ld]
1757 5323 1758 5338 ¹
