3520 6006
437 699 780 752 cosmnsrsrronas
797 697 1075 750 srrcnsrnrcsn
1093 699 1196 750 runs.
1402 680 1478 750 1181

184 869 227 930 63.
264 871 417 950 signaculo
444 873 593 951 impressa
613 873 695 932 dolio
715 872 801 932 fictili
821 871 929 932 litteris
951 872 1149 932 eminentibus
1175 881 1204 932 ct
1223 874 1255 933 in
1276 872 1403 932 formam
1425 873 1480 930 cir·

212 974 262 1033 culi
281 975 389 1034 dimidii
411 975 582 1052 dispositis:

459 1159 542 1250 step
558 1203 567 1221 .
581 1147 642 1223 itai
869 1165 1041 1246 Stephanus
1064 1165 1206 1228 cristus?

1062 1268 1225 1331 cutinus:

243 1405 316 1466 Dedi
342 1407 381 1466 ad
406 1415 546 1486 ectypnm
572 1427 592 1466 a
617 1405 654 1468 R.
678 1407 812 1469 Schoene
838 1415 1008 1486 acceptum:
1035 1409 1179 1480 Fobrette',
1207 1407 1238 1468 C.
1255 1409 1281 1467 Ι.
1299 1408 1369 1466 Ital.
1392 1407 1479 1466 2819.

176 1507 264 1567 Trium
285 1510 446 1586 primorum
469 1511 635 1570 litterarum
656 1511 770 1570 incerta
784 1518 899 1570 tantum
915 1511 1042 1587 vestigia
1063 1529 1210 1586 expressa
1231 1521 1300 1570 sunt
1315 1511 1347 1569 in
1361 1519 1479 1587 ectypo,

176 1610 217 1673 ted
241 1611 394 1670 adiurante
421 1612 553 1672 eiusdem
576 1614 632 1672 viri
658 1613 738 1673 docti
765 1613 939 1692 apographo
966 1611 1039 1670 mihi
1061 1613 1155 1672 misso
1177 1614 1319 1690 cognosci
1342 1623 1479 1690 possunt.

174 1709 241 1770 Nota
267 1714 467 1791 praenominis
492 1715 576 1792 figuli
604 1715 682 1791 Step.
709 1715 839 1776 fortasse
865 1713 1022 1792 Step(ons)
1050 1715 1219 1792 supplenda
1249 1725 1310 1784 est,
1342 1715 1479 1773 videlicet

176 1811 244 1873 Osca
266 1815 359 1874 forma
381 1813 490 1876 Graeci
517 1817 647 1902 nominis
674 1807 873 1893 Στέφανος,
899 1836 966 1876 cnm
987 1816 1145 1893 Stephanio
1171 1817 1289 1894 legatur
1316 1817 1347 1876 in
1369 1814 1480 1874 Latino

178 1915 248 1976 titulo
268 1917 449 1995 Pompeiano
471 1917 522 1994 (0.
538 1920 564 1978 J.
579 1918 650 1978 Lot.
668 1919 727 1992 IV,
750 1919 847 1994 1111).
890 1918 974 1979 Nota
999 1919 1129 1978 nominis
1148 1919 1220 1978 Καὶ.
1242 1937 1347 1998 parurn
1373 1917 1479 1996 liquet,

179 2017 306 2092 quomodo
326 2019 492 2098 supplenda
513 2022 562 2092 sit,
584 2041 651 2080 cum
666 2030 697 2080 et
714 2019 833 2080 Caesius
848 2031 877 2080 et
893 2021 1033 2082 Caecilius
1053 2021 1194 2098 frequens
1217 2023 1258 2082 sit
1278 2039 1388 2081 nomen
1409 2040 1480 2100 gen·

179 2119 221 2177 tile
239 2121 480 2200 Pompeianorum
503 2122 538 2198 (1.
552 2141 576 2182 c.
591 2123 614 2181 I
618 2123 650 2197 V,
668 2143 701 2201 p.
720 2123 792 2198 229,
815 2143 840 2182 c.
855 2122 898 2199 3).

182 2305 312 2316 —-—-—-

1172 2329 1479 2340 .....—--——-

579 2654 767 2717 Nvosttls
788 2653 1059 2716 ALFATERNA.

175 2838 224 2900 64.
262 2840 407 2902 Nummus
429 2860 539 2902 aeneus
560 2843 657 2902 musei
668 2841 834 2902 Britannici
855 2861 921 2902 cum
943 2843 1040 2922 capite
1061 2842 1185 2902 iuvenili
1207 2849 1237 2901 ct
1259 2839 1394 2902 Castoris
1417 2843 1481 2902 effi-

206 2944 248 3020 gie
268 2945 355 3004 babet
375 2945 613 3022 inscriptionem:

461 3079 697 3156 nuvkirinum
952 3099 1171 3161 Nucerinorum

461 3201 731 3320 alai[ate]rnum
952 3221 1188 3282 Alfaternorum.

244 3379 333 3440 Garat
356 3384 392 3456 of
408 3379 453 3440 tie
475 3378 567 3442 Greek
588 3383 667 3440 coine
687 3383 718 3438 in
739 3379 783 3438 tic
803 3378 916 3438 Britt'eb
930 3376 1010 3436 Mat.
1025 3379 1113 3454 Italy.
1146 3377 1242 3437 Lond.
1260 3379 1348 3451 1873,
1365 3398 1398 3456 p.
1416 3377 1482 3450 121,

162 3499 187 3538 a.
201 3481 226 3540 1.
268 3481 326 3541 Hic
346 3500 485 3541 nummus
513 3482 603 3560 primi
631 3480 837 3540 tantummodo
866 3479 994 3538 nominis
1017 3481 1177 3558 scriptione
1200 3479 1300 3539 differt
1321 3499 1340 3537 a
1359 3499 1481 3539 nummo

161 3601 249 3643 teneo
270 3603 359 3660 quem
374 3584 399 3643 1.
415 3583 630 3644 Friedlaender
651 3583 817 3659 publicavit
837 3565 905 3640 cusu
926 3581 1121 3660 inscriptione
1134 3581 1317 3640 Nouio-inum
1331 3582 1482 3658 Alafoter·

159 3703 222 3743 num
250 3687 327 3761 (Die
350 3685 506 3746 Oekiecben
528 3686 664 3754 Mirum,
687 3695 706 3743 t.
722 3684 780 3756 IV,
803 3684 881 3744 Nnc.
898 3685 929 3756 1,
948 3703 979 3760 p.
1002 3684 1081 3760 217).
1127 3681 1261 3743 Genitivi
1288 3684 1363 3761 plur.
1386 3684 1484 3744 forme

159 3787 378 3848 Nuce-erenum
399 3787 560 3846 secundum
581 3787 662 3864 leges
684 3787 805 3866 linguas
819 3785 901 3846 Osca
922 3789 1100 3862 interposita
1115 3785 1212 3844 vocali
1233 3789 1245 3844 i
1265 3790 1342 3845 inter
1364 3805 1483 3863 prusco-

159 3889 258 3949 dentes
279 3899 480 3950 consonantes
501 3899 569 3948 orta
589 3897 635 3947 est
656 3909 671 3946 e
693 3887 874 3946 Nouio-ianm
895 3899 929 3968 ut
948 3887 1099 3947 Lau-idcio
1122 3907 1137 3945 e
1159 3886 1271 3946 Luvlcic
1293 3887 1340 3962 (C.
1357 3889 1481 3964 Aoaspr.

160 3989 203 4061 Π,
217 3991 286 4050 387.
304 3992 367 4052 388
381 4011 434 4068 ες,
457 3993 500 4050 ed.
518 3991 562 4067 2).
604 3988 665 4050 Sed
685 4009 780 4066 nuper
800 3995 831 4048 in
852 3991 947 4048 lucem
969 3989 1145 4066 prodierunt
1165 3993 1278 4048 nummi
1298 3989 1445 4049 Nucerini
1467 4011 1483 4048 e

169 4191 239 4252 Brit.
258 4195 333 4255 Mus.
356 4197 376 4254 l.
393 4215 416 4256 c.
436 4215 469 4293 p.
484 4195 555 4268 121,
576 4215 605 4252 n.
621 4191 657 4270 2)
685 4205 714 4252 et
733 4193 895 4252 Nuoirlcum
917 4193 1118 4270 Atafneffim]
1144 4191 1182 4269 (l.
1201 4213 1225 4253 c.
1243 4212 1275 4269 p.
1291 4193 1361 4265 121,
1384 4214 1413 4252 n.
1432 4194 1482 4269 4),

174 4309 239 4367 quas
257 4295 347 4357 foedis
368 4299 600 4355 monetariorum
621 4295 772 4354 erroribus
787 4295 896 4368 deberi,
919 4305 948 4352 et
963 4298 1019 4352 viri
1040 4299 1083 4352 rei
1104 4298 1287 4356 nummariae
1308 4299 1495 4372 peritissimi·

180 4399 252 4455 tortis
270 4399 364 4458 verbis
387 4398 546 4469 affirmant,
569 4416 664 4474 nequo
686 4401 846 4474 qnisquam
866 4396 986 4476 linguae
1010 4394 1107 4455 Oscae
1130 4413 1242 4474 gnarus
1265 4395 1419 4456 dubitabit.

187 4704 226 4766 ⁶5·
261 4709 404 4776 Nummus
427 4734 536 4776 mneos
557 4719 652 4775 musei
674 4713 851 4786 Britannici,

207 4859 231 4899 1-
262 4851 345 4913 iuxta
366 4864 457 4932 caput
477 4853 619 4914 iuvenile:

311 5001 520 5076 nuvstrinnm
547 5000 783 5077 alafat]ernum
872 5006 1092 5067 Nucerinorum
1115 5005 1349 5064 Alfaternorum.

196 5076 217 5132 1·
257 5093 517 5156 subcessoribus
539 5091 740 5170 equitantibus
761 5096 793 5148 in
815 5103 981 5168 segmento:

26 4076 67 4453 χ
165 4097 275 4152 scriniis
301 4093 397 4152 musci
423 4093 589 4152 Britannici
616 4111 683 4152 cum
708 4092 967 4170 inscriptionibus:
998 4091 1162 4150 Nuuirkum
1183 4091 1341 4166 Aiovfnum
1368 4091 1482 4167 (Catol.

679 5225 883 5327 dngvinum
909 5252 952 5300 ru

788 5406 796 5426 .
813 5403 821 5421 .
836 5373 960 5422 snum.
