3548 6012
535 664 693 726 Qvnass.
713 663 930 716 anomaeos.
951 665 976 715 1.
1372 648 1417 718 91

242 840 322 915 topia
343 857 402 897 non
424 850 479 898 eat:
500 839 577 916 quod
596 839 652 896 alii
671 841 786 898 nomino
805 839 905 898 babent
920 837 956 898 ab
972 841 1098 916 oppidis,
1121 841 1176 898 olii
1189 852 1240 900 cut
1253 859 1310 899 non
1325 841 1427 901 latent

242 953 371 1001 autnon
392 953 423 1002 ut
444 942 541 1001 deberet
560 943 670 1001 liabent.
703 941 820 1001 Habent
836 942 967 1018 plerique
990 941 1113 1000 libertini
1134 962 1153 1001 a
1173 946 1328 1022 municipio
1341 963 1428 1003 manu

241 1049 340 1114 mimi,-
365 1048 397 1102 in
423 1063 478 1122 quc
503 1055 535 1104 ut
560 1048 724 1104 societatum
751 1054 777 1103 et
794 1045 934 1119 sonorum
956 1049 1032 1104 serui
1052 1063 1110 1103 non
1131 1055 1282 1104 sanarunt
1300 1065 1426 1123 propor-

242 1151 346 1206 tionem
369 1141 554 1223 rationari).
598 1146 642 1205 Et
661 1148 854 1205 Rornanorum
881 1145 976 1205 liberti
999 1148 1153 1206 debuerunt
1175 1149 1248 1219 dici,
1274 1159 1306 1208 nt
1327 1169 1347 1206 a
1370 1149 1428 1208 Fa-

242 1254 338 1309 uentia
367 1250 557 1320 ttomttnas,
587 1269 606 1308 a
631 1249 721 1308 Recte
741 1249 895 1322 Reatinus,
922 1253 965 1308 sic
991 1269 1010 1308 a
1031 1249 1125 1309 Roma
1145 1250 1302 1310 Romanus.
1346 1251 1426 1328 ΑΗ)

242 1356 425 1412 nominantur
453 1351 576 1410 libertini
602 1355 657 1411 orti
682 1371 702 1410 a
724 1351 851 1428 publicis
879 1351 1008 1428 saciet)
1030 1352 1245 1429 Romani[r]⁶),
1271 1358 1321 1430 qui
1341 1373 1429 1412 amau

242 1459 324 1514 missi
347 1464 413 1514 ante
433 1473 518 1532 quum
540 1453 591 1512 sub
612 1457 800 1530 mapistratus
821 1455 933 1513 nominc
960 1458 1011 1531 qui
1037 1473 1083 1514 eoo
1112 1456 1260 1515 liberarint
1280 1459 1428 1516 succedere

243 1561 394 1634 coeperint.
438 1557 515 1615 Hinc
537 1575 647 1634 quoque
667 1561 783 1616 nomina
805 1557 860 1616 illa
881 1553 992 1617 'Lesas
1013 1577 1039 1616 e.
1056 1537 1085 1634 q.
1100 1575 1124 1617 s.
1148 1557 1256 1634 (supra
1277 1577 1306 1636 p.
1322 1557 1385 1636 26).

152 1687 174 1750 ¹)
198 1687 252 1740 dici
269 1695 294 1738 et
311 1689 397 1751 Flor.;
422 1685 476 1739 dici
495 1685 565 1738 debet
589 1687 724 1753 proposuit
745 1687 906 1753 Spengelius.
1003 1683 1027 1750 ²)
1051 1695 1080 1737 ut
1097 1689 1181 1753 Flos-3
1207 1688 1274 1756 quod
1291 1690 1429 1756 Scioppius

149 1781 288 1846 Spengalio
306 1781 446 1846 probante;
465 1780 592 1830 Millerus
611 1781 731 1830 lacunam
750 1781 839 1829 statuit
858 1787 883 1828 et
902 1779 982 1830 multa
1001 1781 1122 1831 titubavit.
1217 1778 1242 1843 ⁸)
1265 1783 1429 1850 proportione

148 1875 267 1924 rationem
286 1874 454 1939 Spargebat,
475 1873 665 1940 proportionem
690 1879 714 1923 et
736 1873 858 1922 rationem
877 1873 953 1938 uulgo
973 1873 1100 1924 scribitur.
1139 1874 1293 1938 Asyndeton
1313 1877 1430 1940 quamuis

149 1967 239 2016 durum
264 1968 368 2016 ridetur
389 1967 494 2016 tolerari
519 1981 607 2030 posse,
634 1967 684 2016 nisi
704 1966 894 2032 proportionem
913 1966 998 2016 delere
1018 1966 1100 2016 malis.
1197 1963 1222 2028 ⁴)
1246 1973 1275 2017 ut
1291 1967 1376 2028 Flor.;
1402 1973 1431 2016 ct

148 2059 281 2113 Millerus.
368 2057 393 2120 ⁵)
413 2075 430 2107 a
449 2055 574 2108 libertinis
592 2059 645 2108 orti
660 2056 770 2125 publicis
789 2059 870 2108 seruis
882 2059 967 2122 Flor.;
987 2060 1100 2109 conexit
1113 2059 1247 2110 Millerut.
1334 2057 1359 2121 ⁶)
1378 2059 1429 2110 Ro·

149 2153 227 2202 nam'i
245 2152 351 2216 scripsi;
370 2149 480 2202 Romani
496 2151 581 2214 Flora
600 2149 722 2201 Romanis
741 2150 889 2214 Galbanum
910 2149 1079 2202 Romanenoes
1097 2152 1221 2204 munem·
1240 2167 1383 2218 perperam.

102 2275 200 2337 Oratio
222 2277 410 2336 subobscura
430 2285 490 2348 est,
519 2283 552 2334 ut
573 2275 660 2334 facile
683 2275 817 2335 Beckero
840 2277 986 2349 concedo,
1013 2278 1067 2338 sed
1089 2279 1238 2338 sententia
1258 2279 1290 2337 iu
1313 2279 1429 2337 univer-

101 2395 160 2438 sum
180 2380 352 2458 perspicua.
393 2378 555 2438 Habebunt
574 2379 667 2457 igitur
689 2388 765 2438 teste
782 2378 919 2439 Varrone
940 2381 978 2440 ab
1001 2381 1119 2459 oppidis
1143 2381 1265 2440 nomina
1285 2381 1430 2458 plerique,

101 2500 155 2538 nou
177 2501 293 2554 omnes,
315 2481 446 2572 libertini
468 2502 487 2541 a
508 2481 678 2558 municipiis
700 2500 791 2541 manu
812 2482 913 2554 missi3
936 2484 988 2541 sed
1011 2483 1148 2542 similiter
1166 2491 1198 2542 ut
1212 2484 1386 2543 societatum
1402 2493 1431 2542 et

100 2583 232 2642 fanorum
253 2585 332 2643 servi
354 2603 415 2643 non
430 2584 626 2664 aequabiliter
641 2585 785 2642 nominati
803 2595 881 2644 sunt.
914 2583 995 2644 Nam
1011 2587 1037 2646 si
1053 2595 1173 2645 servata
1186 2595 1265 2646 esset
1279 2587 1430 2664 analogia,

101 2686 219 2746 libertos
243 2687 324 2746 urbis
346 2687 461 2746 Romae
483 2697 535 2746 aut
556 2688 735 2764 oppidorum
756 2688 864 2746 civium
879 2687 1084 2747 Romanorum
1099 2697 1185 2747 extra
1200 2689 1303 2748 urbem
1319 2691 1432 2766 quique

102 2789 135 2846 ab
155 2789 192 2846 iis
215 2789 438 2848 descendissent
453 2789 582 2868 simplici
598 2789 745 2848 adiectiro
761 2809 779 2846 a
794 2789 892 2848 Roma
906 2789 1040 2848 derivato
1056 2791 1257 2868 designandos
1272 2791 1375 2865 fuisse,
1399 2801 1432 2852 ut
1450 2800 1452 2811 '

103 2910 131 2948 re
150 2909 221 2950 vera
243 2910 261 2949 a
282 2891 459 2950 Faventinis
487 2902 517 2950 et
544 2911 562 2949 a
583 2891 720 2951 Reatinis
741 2910 830 2950 manu
851 2892 938 2950 missi
960 2893 1081 2952 nomina
1102 2894 1254 2972 gentilicia
1274 2895 1433 2954 habuerint
1527 2877 1533 2894 ’

104 2993 271 3052 Fauentinus
287 3001 317 3052 et
331 2995 480 3053 Reatinus.
515 2991 635 3053 Gentile
651 2995 730 3052 euim
746 3003 860 3053 tuntum
876 3013 993 3068 nomen,
1015 3015 1075 3054 non
1090 2981 1271 3074 cognomen,¹
1286 2997 1431 3075 originem

104 3094 230 3154 indicare
248 3103 355 3154 notum
369 3106 433 3156 erat
445 3097 496 3170 iis,
519 3097 626 3172 quibus
640 3093 737 3155 Varro
753 3097 884 3174 scripsit,
906 3106 1009 3174 utpote
1023 3115 1073 3156 res
1088 3100 1264 3158 necessaria
1299 3098 1432 3158 Nomina
1460 3134 1463 3146 ·

106 3205 198 3256 eutem
212 3197 364 3275 gentilicis
376 3199 407 3256 in
422 3201 488 3258 inus
501 3198 597 3258 luisse
611 3217 703 3276 supra
717 3199 809 3276 tetigi.
838 3199 946 3276 Itaque
961 3199 1157 3260 nominandos
1173 3201 1266 3261 luisse
1280 3201 1431 3260 Romano·

106 3318 165 3357 rum
179 3300 302 3359 libertos
317 3301 475 3372 Rmnanos3
498 3311 596 3360 tamen
619 3313 724 3374 contra
746 3301 915 3378 analogiam
931 3301 1088 3361 Romanius
1109 3321 1161 3362 eos
1183 3303 1279 3364 dictos
1295 3323 1362 3365 esse
1384 3303 1432 3381 (ut

106 3401 140 3458 ab
166 3403 297 3462 Aeclsno
325 3403 494 3474 Aeclanioe,
522 3423 540 3462 a
566 3402 674 3482 Capua
701 3403 889 3480 Campaniae,
916 3404 1088 3463 aVeuairo
1119 3405 1309 3480 Venafranios
1335 3407 1432 3466 dictos

106 3504 258 3580 uidimus),
279 3525 340 3564 non
363 3505 531 3578 Romanos,
554 3505 732 3582 antiquitus3
759 3515 867 3581 postea
889 3525 959 3565 vero
982 3526 1043 3566 non
1065 3507 1102 3566 ab
1126 3508 1198 3566 urbe
1220 3527 1327 3569 nomen
1350 3529 1431 3569 acce·

105 3607 191 3679 pisse,
212 3607 264 3666 sed
286 3608 324 3666 ab
347 3607 384 3665 iis
407 3609 643 3686 magistratibus,
666 3608 716 3686 qui
734 3611 790 3668 'eos
812 3595 931 3686 publice
953 3627 1041 3668 manu
1063 3611 1232 3684 misissent3
1255 3621 1287 3670 ut
1308 3631 1327 3669 a
1349 3609 1433 3672 Sulla

107 3704 246 3782 Cornelii,
271 3729 290 3766 a
316 3709 463 3786 Pompeio
490 3709 643 3787 Pompeii,
668 3730 687 3769 a
709 3709 840 3770 Caesare
861 3711 932 3770 Iulii
957 3711 1030 3771 dicti
1057 3720 1127 3772 sunt
1153 3721 1183 3772 et
1210 3715 1253 3772 sic
1281 3715 1430 3791 deinceps.

105 3810 139 3867 In
163 3815 234 3870 ensis
262 3819 362 3871 autem
387 3813 515 3884 formas,
543 3811 579 3870 de
605 3814 715 3888 quibus
741 3813 885 3874 Millerus
913 3814 1071 3892 cogitavit,
1098 3834 1153 3892 pro
1179 3816 1340 3892 gentilitiis
1362 3825 1433 3876 nu's-

106 3930 190 3988 quam
209 3927 370 3991 usurpatas
392 3933 458 3974 esse
481 3914 704 3992 (praeterquam
726 3935 745 3974 a
767 3915 913 3975 militibus
936 3923 966 3974 et
986 3917 1152 3994 peregrinis
1175 3928 1308 4002 tempore
1334 3937 1432 3978 recen-

106 4015 194 4090 tiore)
218 4025 344 4076 constat.
387 4015 496 4092 Neque
518 4035 588 4075 vero
614 4035 668 4095 pro
691 4019 846 4077 adiectiuis
868 4027 898 4076 et
920 4021 1149 4097 cognominibus
1171 4022 1342 4097 promiscue
1363 4021 1433 4080 illue

107 4125 173 4175 sunt
195 4119 358 4190 adhibitam
389 4119 511 4195 antiquo
536 4129 618 4179 certe
641 4130 774 4198 tempore
796 4119 957 4180 discrimen
978 4121 1071 4182 fuisse
1093 4124 1171 4182 inter
1192 4123 1433 4182 terminationum

107 4236 181 4294 quae
199 4231 266 4280 suut
287 4240 360 4280 anus
388 4234 418 4280 et
439 4225 514 4280 ensis
536 4240 623 4280 usum
645 4224 775 4300 probant
797 4221 939 4282 Caesaris
962 4233 992 4282 et
1012 4223 1106 4283 Plinii
1128 4225 1164 4281 de
1186 4225 1243 4284 hac
1263 4246 1296 4284 re
1317 4227 1434 4303 opinio·
1543 4277 1555 4294 ,

108 4339 159 4380 nes
183 4321 328 4396 diversae,
358 4331 495 4382 servatae
523 4342 542 4381 a
568 4324 714 4402 Pompeio
741 4326 937 4402 grammatico
964 4327 995 4384 in
1023 4339 1191 4386 commento
1219 4328 1257 4387 ad
1279 4326 1433 4388 Donatum

108 4421 352 4498 (p.144,19ss.
377 4424 485 4502 Keil.):
515 4429 557 4485 ait
583 4431 626 4486 sic
653 4427 762 4486 Caesar
788 4432 818 4486 in
846 4428 929 4487 libris
956 4429 1107 4506 analogiae
1133 4425 1213 4488 ‘duae
1239 4431 1433 4503 sunt'Alboe,

108 4523 165 4583 clia
189 4531 242 4586 istc
268 4547 355 4604 quam
383 4532 511 4588 nouimus
540 4531 571 4586 in
599 4528 703 4588 Aricia
730 4529 936 4605 [scribendum
964 4531 1094 4590 fortasse
1122 4537 1202 4590 iacta
1230 4533 1375 4605 Ariciam3
1404 4538 1434 4592 in

108 4626 214 4689 blo-reio
240 4631 369 4690 coniecit
391 4629 622 4707 Nipperdeius],
649 4641 675 4689 et
701 4633 763 4690 alia
790 4633 835 4692 ltic
861 4633 1005 4692 initalia
1027 4633 1069 4710 [in
1090 4632 1179 4693 Latio
1201 4633 1433 4713 Nipperdeius];

109 4731 217 4791 colentes
244 4733 371 4792 Romani
398 4735 595 4793 discretionem
616 4735 718 4806 facere
745 4737 815 4794 istos
844 4735 976 4794 Albanos
1005 4737 1151 4807 dicerunt,
1184 4737 1251 4796 illos
1281 4734 1433 4798 Albenses’

110 4873 209 4892 ......
218 4855 226 4905 ;
257 4835 374 4894 Plinius
403 4833 553 4894 Secundus
584 4847 670 4912 nepot
703 4848 728 4896 et
760 4841 802 4895 ait
829 4842 870 4897 sic
897 4833 1104 4912 ‘indifferenter
1130 4839 1200 4899 baec
1229 4836 1432 4900 inueniuntur'.

111 4929 222 4995 Scilicet
246 4937 355 4996 fefellit
382 4937 541 4997 Mulierum
569 4939 731 4998 discrimen
759 4939 840 5016 quod
868 4940 1055 5018 grammatici
1082 4949 1198 5000 veteres
1230 4941 1347 5019 aliquot
1373 4953 1434 5002 sta-

111 5042 218 5096 tuerunt
237 5039 333 5098 fuisse
354 5041 432 5098 inter
453 5040 608 5119 Hispanos
630 5052 660 5099 et
680 5040 917 5116 Hispanienses,
941 5039 1059 5102 Siculos
1080 5054 1110 5102 et
1132 5041 1305 5104 Sicilienses
1328 5044 1433 5120 (Festi

111 5136 174 5211 epit
193 5157 220 5216 p.
236 5141 275 5200 60
292 5141 344 5212 Μ.,
366 5142 426 5200 alia
447 5142 594 5219 quaedam
618 5144 789 5202 testimonia
809 5145 964 5224 Reisigius
987 5145 1106 5222 collegit
1127 5146 1158 5204 iu
1179 5147 1433 5223 praelectionibus

111 5237 145 5296 dc
163 5257 278 5316 gramm.
301 5241 369 5302 Lat.
391 5263 421 5322 p.
440 5244 528 5321 164),
555 5255 590 5303 ut
614 5245 645 5302 hi
669 5245 815 5318 advenae,
842 5247 888 5306 illi
910 5248 1027 5308 incolae
1048 5247 1167 5308 fuerint.
1211 5249 1317 5326 Itaque
1337 5250 1433 5309 fuisse

112 5337 304 5406 Romanenses
330 5365 391 5406 nou
417 5365 508 5424 uego;
535 5365 603 5406 nam
631 5354 749 5424 praeter
770 5349 856 5410 Festi
883 5351 1086 5412 testimouium
1113 5369 1208 5430 eaque
1235 5369 1312 5430 quae
1333 5352 1433 5413 lexica
