3548 6012
581 689 732 742 cremor
750 690 945 742 sesamon.
1381 669 1426 740 19

115 859 254 919 Niebuhrii
275 880 313 920 ex
334 862 402 920 eod.
425 861 492 920 Pal.
516 865 689 942 apographo
710 880 785 922 usus
809 864 854 922 ed.
876 863 1000 922 Boeolah
1024 860 1058 921 Ο.
1074 863 1099 922 Ι.
1116 861 1206 920 2173.

184 964 217 1022 In
237 964 378 1023 Palatino
406 983 513 1025 manus
539 966 688 1026 recentior
709 967 803 1025 verba
829 970 934 1050 Θερμια
961 973 991 1023 et
1017 955 1127 1024 edendo
1153 971 1235 1024 resta
1255 965 1366 1025 lineola
1387 965 1429 1024 di·

115 1065 214 1138 stinxit,
233 1085 292 1144 quo
313 1087 375 1126 non
397 1075 457 1126 tam
473 1085 578 1128 versus
601 1069 687 1128 aliter
708 1067 855 1128 divideret
876 1087 966 1146 quam
989 1067 1130 1126 maiorem
1150 1067 1343 1145 intellegendi
1358 1067 1429 1128 faoi-

114 1166 213 1226 litatem
233 1168 380 1228 redderet.

184 1261 268 1332 hirae
289 1291 343 1330 our
364 1272 437 1331 mihi
459 1283 631 1353 suspectum
654 1275 693 1334 sit
712 1274 793 1334 infra
813 1273 910 1332 dicam
933 1272 972 1332 ad
993 1291 1022 1332 n.
1039 1271 1159 1332 XXVI.

115 1564 203 1624 Xllll.
244 1567 361 1626 Ibidem
382 1567 456 1628 Pau.
499 1568 576 1628 Item
598 1567 635 1628 ad
658 1587 856 1629 marmoream
878 1568 967 1628 basin
989 1567 1075 1626 iuxta
1095 1567 1227 1627 thermas
1251 1566 1316 1626 Pol.

633 1769 762 1857 ’spalda
783 1769 869 1858 τύχα

184 1878 209 1960 ri⁸
227 1871 325 1946 [laima
350 1871 399 1939 recti
421 1877 434 1938 ὃ
457 1875 547 1943 δᾶμος
570 1882 576 1959 Ι
598 1873 762 1948 ἔτεῖμασπν
783 1877 852 1966 Aaip.
876 1883 881 1960 Ι
903 1869 1338 1965 'A[pr]aaaiclwpov’1lpraurdoipo
1362 1879 1368 1958 Ι
1390 1881 1433 1940 rai

181 1977 309 2046 ‘Taenario
336 1975 536 2062 βοΙλ]λευἸταν
564 1975 864 2062 ἇγωνοὲιτ[η’]ταντα
886 1985 891 2061 Ι
914 1973 962 2041 ucri
988 1973 1336 2067 παν[α]γυριαρχη’σαντα
1359 1979 1364 2064 Ι
1387 1981 1432 2040 e’v.

185 2075 276 2168 δᾶξως
297 2075 346 2143 noi
369 2077 557 2164 φιλΙοτεῖμως.

115 2293 153 2352 lix
172 2295 324 2355 Niebuhrii
347 2297 523 2374 apographo
544 2297 591 2355 ed.
613 2296 737 2356 Boeokh
759 2295 794 2358 C.
810 2297 834 2356 1.
853 2295 943 2358 2190.
980 2297 1017 2358 In
1039 2297 1105 2356 cod.
1128 2296 1194 2356 Pal.
1217 2296 1364 2358 omissum
1385 2304 1432 2358 est

114 2389 212 2472 cipri-Cra
235 2389 336 2476 τύχα,
365 2399 419 2458 sed
444 2399 538 2459 invito
564 2399 702 2470 librario,
731 2399 782 2475 qui
808 2399 927 2458 titulum
954 2399 1133 2460 minusculis
1160 2399 1267 2459 iterum
1298 2401 1431 2459 scribens

114 2497 255 2558 formulam
278 2499 402 2559 addidit.
418 2533 459 2546 -
478 2492 677 2584 Ἀρτεμίδωρον
698 2510 780 2560 recte
798 2502 862 2559 ood.
878 2501 945 2562 Pal.
978 2500 1176 2560 Difficultatia
1192 2501 1306 2580 aliquid
1322 2503 1432 2562 habent

114 2619 180 2676 quae
204 2602 361 2660 traduntur
383 2594 564 2686 'Apros'dopov
589 2606 615 2660 θ
640 2607 959 2662 ΤΟΥΤΩΥΜΕΝΑΙΩ.
1004 2601 1089 2677 Quas
1117 2603 1176 2663 nisi
1202 2603 1279 2662 forte
1308 2605 1431 2682 gravius

115 2714 240 2780 corrupta
262 2705 331 2776 sint,
353 2723 456 2763 verum
472 2705 584 2765 vidisse
599 2705 784 2764 Boeckhiun
806 2713 919 2784 putem,
942 2706 993 2782 qui
1016 2707 1068 2763 τοῦ
1088 2704 1207 2764 delevit.
1245 2703 1292 2765 cf.
1313 2705 1432 2765 titulum

114 2803 326 2882 Philadelphiae
349 2808 429 2883 apud
450 2805 549 2866 Lebas
570 2808 708 2868 111649:
739 2815 778 2866 M.
801 2804 868 2892 Arip.
890 2797 1029 2892 Aao'dwpov
1048 2811 1081 2865 Β.
1104 2807 1158 2865 τοῦ
1176 2797 1318 2878 Ἀδμήτου
1341 2795 1432 2892 ἄνδρα

26 2895 27 2960 ]
115 2897 270 2976 βουλευτήν.
314 2905 485 2985 Scripserat
510 2911 621 2987 aliquis
643 2912 709 2977 rod,
738 2918 807 2987 post
826 2909 978 2970 intellecto
1001 2929 1101 2970 errore
1124 2911 1280 2970 subiunxit
1301 2909 1355 2978 rai,
1382 2909 1432 2969 de·

115 3006 167 3065 lere
191 3010 297 3069 oblitus
325 3011 470 3070 vitiosum
495 3013 561 3079 τοῦ,
588 3031 731 3091 errorque
757 3013 826 3071 hino
854 3013 884 3071 in
911 3013 970 3072 duo
997 3031 1073 3090 qnae
1099 3023 1234 3072 tenemus
1257 3013 1433 3092 apographa

116 3121 292 3190 propagatus.

26 3481 27 3486 Ι
117 3397 225 3460 xuni.
266 3401 391 3462 nisan

187 3610 219 3671 'A
231 3603 329 3678 βὸλλα
349 3603 399 3670 καὶ
420 3607 434 3671 ὅ
457 3607 548 3682 δᾶμος
562 3605 739 3698 Kopvpdap]
755 3605 974 3692 KaS[ri]·y1>d.oev
994 3609 1074 3691 r[‹i]v
1096 3603 1236 3700 εὗεργὲτιν
1258 3617 1312 3676 τᾶς
1325 3605 1432 3684 alnae,

188 3706 337 3799 θυγατέρα
353 3705 459 3798 Μάρκω
475 3707 576 3782 Pallio
600 3759 731 3776 .......
754 3707 922 3774 secludentibus
945 3709 1070 3775 ὒπατῖκω
1093 3706 1140 3774 acti
1154 3709 1302 3788 Πομπηίας
1313 3712 1432 3801 Ἀγριπ-

188 3810 347 3896 ruvild.[oe]a‚
368 3807 545 3876 παιδᾶπαιδα
567 3805 598 3874 δὲ
613 3808 719 3902 Mcipuw
735 3811 867 3889 Πομπηῖω
883 3809 1013 3902 Μακρῖνω
1030 3809 1259 3896 θεο[φ]α’νν[ου],
1280 3819 1336 3878 τῶν
1357 3814 1433 3906 stirp·

188 3923 271 3996 γετιῖν
292 3911 341 3978 noi
362 3921 483 3978 κτιπᾶν
504 3921 558 3980 τᾶς
579 3911 686 3982 πόλιος.

120 4124 222 4189 Leviter
251 4145 392 4209 corrupta
423 4131 595 4204 emendavi,
629 4137 829 4190 correctorem
860 4121 1029 4208 Θεοφᾶννου
1056 4131 1135 4192 infra
1162 4131 1356 4208 probaturum
1384 4151 1432 4191 ma

120 4247 201 4304 spero,
241 4228 399 4296 παιδόπαις
424 4251 533 4293 novum
556 4233 734 4292 vocabulum
762 4241 824 4308 est,
852 4243 932 4294 recte
958 4241 1058 4294 tamen
1079 4233 1240 4294 formatum
1263 4241 1293 4294 et
1314 4241 1433 4294 senten·

120 4333 168 4392 tiae
187 4337 383 4411 aptissimum.

188 4434 324 4498 Cornelia
346 4437 514 4516 Cethegilla
539 4437 673 4498 familiae
699 4457 759 4497 non
786 4446 847 4498 tam
874 4457 982 4515 genere
1009 4457 1098 4516 quam
1125 4438 1206 4497 lama
1227 4439 1433 4500 nobilissimae

93 4543 97 4550 ’
120 4535 219 4597 ridetur
238 4541 339 4617 proles
361 4559 439 4600 esse.
484 4540 639 4617 Originem
666 4540 743 4599 enirn
767 4540 874 4616 opinor
895 4559 914 4599 a
934 4539 1121 4619 Theophane
1142 4539 1327 4618 Mytilenaeo
1348 4559 1432 4617 repe-

120 4637 164 4710 tiit,
184 4641 282 4720 Magni
297 4643 424 4721 Pompei
446 4643 542 4702 amico
564 4661 723 4720 rerumque
745 4641 809 4701 eius
831 4641 911 4701 haud
930 4643 1046 4701 sincero
1061 4654 1242 4702 enan-storo·
1271 4645 1302 4702 A
1315 4643 1433 4704 fautore

120 4754 164 4796 sno
183 4742 295 4804 civitate
309 4745 449 4804 Romana
468 4745 596 4804 donatus
618 4745 769 4822 quodnam
791 4763 899 4804 nomen
920 4743 1121 4823 adsumpserit
1142 4746 1169 4804 si
1184 4745 1364 4823 quaerimus,
1386 4765 1433 4804 re-

121 4843 249 4914 spondere
270 4847 388 4908 videtur
408 4847 503 4906 Iulius
526 4845 714 4923 Capitolinus
740 4847 793 4904 vit.
817 4845 897 4905 Max.
921 4855 951 4904 et
972 4846 1058 4906 Balb.
1084 4865 1108 4904 o.
1127 4845 1160 4905 7:
1186 4842 1327 4906 ‘familiae
1349 4854 1434 4906 vetn-

122 4941 253 5005 stissimae
277 4957 311 5007 ut
332 4949 397 5028 ipse
420 4948 539 5009 dicebat
560 4948 735 5025 (Balbinus)
757 4969 775 5008 a
796 4947 894 5007 Balbo
917 4947 1059 5008 Cornelio
1081 4947 1267 5026 Theophane
1288 4948 1433 5027 originem

123 5039 226 5120 (lucens,
250 5051 300 5126 qui
322 5070 377 5126 per
399 5049 455 5110 Cn.
476 5050 654 5130 Pompeium
678 5051 830 5110 civitatem
851 5061 1009 5124 meruerat,
1031 5070 1098 5110 oum
1121 5062 1203 5111 esset
1223 5069 1296 5112 suae
1317 5051 1433 5128 patriae

125 5145 306 5210 nobilissimus
332 5153 471 5230 idemque
501 5154 646 5212 historiae
675 5149 820 5230 scriptor!
863 5150 1054 5229 Capitolinus
1081 5154 1226 5230 antipae
1252 5145 1328 5230 quad
1349 5171 1432 5212 acoe-

26 5305 27 5316 Ι
127 5258 196 5317 perat
218 5253 402 5332 neglegenter
429 5255 545 5315 rettulit
570 5265 624 5314 aut
650 5255 770 5314 omnino
797 5263 867 5313 tunc
893 5255 1037 5332 temporis
1059 5255 1196 5316 venerei
1217 5255 1432 5316 memoriaob

1186 5355 1228 5416 Ι.
