3520 6006
321 561 393 631 100
751 655 757 675 ν
928 572 1034 625 aossr

319 756 421 814 dotum
436 754 575 813 dextrum
596 752 677 812 latus
699 759 825 828 occupet
846 749 1002 809 columnae
1025 765 1171 806 annorum
1190 745 1302 805 saeculi
1317 745 1404 816 sexti,
1427 745 1575 804 fastorum
1596 763 1649 820 per
1756 769 1757 826 t

318 857 449 934 parietes
472 855 555 915 aedis
577 854 660 914 Iovis
681 853 795 913 latiaris
817 851 1004 924 distributio,
1031 851 1059 908 si
1081 847 1202 926 quando
1224 867 1261 907 ea
1282 848 1369 908 nobis
1391 848 1574 920 innotescet,
1600 847 1649 905 de·
1756 847 1757 870 1

319 959 453 1019 clarabit.
1756 1011 1757 1044 1

403 1059 483 1121 Nam
505 1059 756 1138 quemadmodum
778 1058 958 1138 capitolinos
980 1056 1024 1116 sio
1051 1061 1081 1114 et
1103 1055 1203 1114 albani
1225 1052 1334 1112 montis
1357 1054 1453 1112 fastos
1475 1055 1652 1112 marmoreis
1756 1105 1757 1108 ,

320 1184 379 1224 non
403 1165 514 1224 tabulis
537 1162 590 1222 sed
612 1162 778 1240 lapidibus,
805 1162 914 1240 quibus
942 1165 1115 1220 constructo
1136 1157 1225 1217 aedes
1246 1165 1325 1229 erat,
1352 1163 1469 1216 veteres
1491 1157 1653 1232 inscrIpse-

319 1275 396 1326 runt.
439 1265 596 1342 Reliquiae
619 1285 714 1342 nuper
735 1273 872 1342 repertae
893 1263 981 1323 valde
1004 1263 1131 1340 exiguae
1153 1269 1239 1332 sunt,
1261 1277 1423 1336 emagnae
1444 1265 1545 1318 mmen
1567 1259 1654 1318 molis
1756 1307 1757 1312 ,

322 1369 411 1444 saxis
428 1368 590 1427 diffractos.
634 1368 694 1427 Illa
715 1387 786 1428 vero
813 1367 959 1426 fastorum
985 1383 1071 1444 pars,
1100 1383 1177 1440 quae
1204 1363 1358 1440 superiore
1379 1361 1501 1420 saeculo
1522 1361 1555 1420 in
1569 1361 1656 1420 Vati-

321 1491 429 1532 canum
451 1471 547 1544 venit,
569 1471 665 1530 incisa
686 1479 751 1530 erat
772 1469 927 1547 quadratis
948 1467 1112 1546 lapidibus,
1134 1484 1261 1542 quorum
1285 1471 1455 1524 accuratam
1477 1464 1655 1524 delineatio·
1756 1483 1757 1540 j

322 1594 391 1634 nem
418 1593 509 1633 manu
535 1573 657 1633 Marinii
685 1575 746 1634 vidi
779 1573 810 1632 in
836 1571 938 1632 codiee
964 1571 1103 1632 vaticano
1130 1568 1210 1630 9127
1237 1587 1267 1646 p.
1288 1568 1337 1627 30.
1380 1567 1517 1626 Alterius
1546 1567 1657 1644 lapidis
1756 1579 1757 1646 ,

321 1678 398 1736 duae
419 1677 512 1736 iacies
534 1677 579 1736 sio
600 1685 687 1736 erant
706 1676 885 1754 inscriptae:
1756 1655 1757 1682 l

328 2997 464 3066 Alte'rius
496 3023 557 3061 una
587 3009 702 3061 tantum
734 3000 827 3060 iacies
860 3020 954 3062 annos
988 3002 1148 3062 exhibebat
1178 3003 1285 3062 aetatis
1312 3003 1460 3077 incertac3
1493 3005 1524 3064 in
1553 3024 1666 3067 aversa
1756 3037 1757 3058 l

329 3109 406 3168 facie
428 3125 540 3165 corona
561 3103 701 3182 (cornice)
723 3111 787 3163 erat
808 3104 968 3181 insculpta.
1001 3104 1039 3164 Id
1052 3105 1182 3164 fortasse
1197 3105 1306 3165 indicio
1322 3115 1368 3166 est
1380 3105 1479 3166 fastos
1498 3127 1554 3185 per
1569 3119 1666 3170 totam
1756 3095 1757 3102 ἵ

329 3209 433 3286 templi
457 3208 554 3268 basim
582 3209 708 3284 eiusque
733 3217 941 3284 procurrentes
967 3217 1053 3267 antas
1081 3208 1175 3268 luisse
1201 3209 1381 3286 dispositos3
1408 3210 1667 3286 quemadmodum

329 3311 416 3372 etde
438 3309 608 3387 capitolinis
630 3308 742 3387 templo
758 3307 920 3369 (laetorum
941 3310 1134 3370 restituendis
1149 3311 1329 3388 Rodulpbus
1344 3310 1490 3371 Lanciani
1512 3315 1668 3374 coniectu·

328 3434 392 3474 rem
415 3433 510 3492 nuper
526 3413 685 3490 proposuit
707 3429 779 3472 sane
801 3412 988 3491 probabilem
1012 3411 1107 3489 (Ball.
1125 3413 1192 3471 dett
1208 3413 1260 3472 Ist.
1280 3411 1355 3472 1871
1375 3433 1403 3489 p.
1421 3411 1506 3491 266).
1542 3414 1608 3477 Sed
1631 3419 1669 3477 de

328 3518 411 3576 Iovis
444 3515 560 3574 latiarIs
593 3515 666 3573 aede
693 3515 817 3592 eiusque
849 3515 948 3574 forma
973 3515 1027 3573 vix
1061 3516 1220 3593 quicquam
1253 3516 1365 3574 scimus
1399 3515 1486 3593 (vide
1511 3518 1669 3592 Piranesi,

330 3619 480 3678 Anticlitd
499 3619 529 3676 di
544 3617 659 3676 Albano
681 3617 742 3676 tab.
758 3615 814 3693 II).
847 3617 884 3676 In
906 3617 1115 3678 barberiniano
1137 3617 1240 3676 codice
1255 3617 1375 3689 XXIX,
1392 3617 1451 3678 215
1475 3619 1669 3699 diagramma

330 3721 391 3780 vidi
412 3729 546 3781 veterum
567 3719 736 3789 ruinarum,
765 3737 842 3796 quae
871 3721 902 3779 in
924 3737 1040 3780 summo
1062 3719 1293 3780 montealbano
1316 3721 1434 3780 saeculo
1456 3720 1549 3780 XVII
1571 3741 1670 3803 supra
1756 3785 1757 3800 ,

331 3831 440 3882 terram
462 3823 640 3882 eminebant.
674 3821 784 3881 Totius
806 3821 920 3899 templi,
942 3823 973 3882 id
988 3830 1036 3882 est
1057 3841 1144 3882 areae
1159 3829 1358 3896 consecratae,
1381 3833 1518 3900 saeptum
1541 3833 1572 3885 et
1596 3829 1669 3886 sub-
1756 3801 1757 3820 Χ

331 3926 522 3986 structionem
545 3923 643 4000 lapide
659 3925 806 4001 quadrato
823 3924 1008 4002 diagramma
1029 3925 1150 3984 exhibet
1156 3945 1164 3996 3
1187 3926 1266 3984 intra
1283 3943 1383 3984 aream
1398 3927 1493 3986 cellae
1507 3927 1669 3988 absidatae

330 4027 467 4105 vestigia.
501 4023 561 4086 Sed
583 4027 724 4104 quoniam
745 4027 846 4103 plures
868 4045 903 4086 eo
918 4026 986 4087 loco
1009 4027 1103 4088 cellae
1125 4035 1155 4086 et
1175 4027 1312 4087 latericia
1332 4027 1468 4089 aedificia
1489 4030 1669 4105 extiterunt,
1756 4031 1757 4116 ,

332 4131 369 4190 de
389 4131 457 4207 ipsa
478 4128 550 4188 aede
572 4129 653 4187 Iovis
675 4128 791 4188 latiaris
811 4129 887 4188 nihil
907 4129 977 4188 inde
999 4129 1152 4190 discimus.

415 4231 503 4292 Nunc
525 4249 584 4308 quo
606 4231 733 4308 primum
756 4237 891 4310 tempore
912 4232 1072 4292 latinarum
1095 4232 1167 4292 lasti
1188 4233 1235 4292 his
1251 4231 1401 4310 lapidibus
1424 4233 1486 4294 sint
1502 4234 1607 4308 incisi,
1630 4235 1671 4294 ad
1756 4243 1757 4296 l

331 4354 419 4412 quem
442 4353 554 4394 annum
575 4335 750 4407 continuati,
776 4342 870 4393 restat
890 4334 1102 4410 quaerendum.
1140 4335 1272 4405 Interna,
1295 4353 1373 4411 qnae
1395 4337 1532 4408 dicimus,
1555 4337 1670 4396 indicia

333 4438 458 4497 suadere
484 4438 558 4497 mibi
579 4439 718 4496 videntur
738 4437 937 4516 fragmentum
965 4441 1111 4496 annorum
1135 4435 1299 4495 tat-732
1322 4456 1358 4495 eo
1380 4439 1463 4515 ipso,
1491 4440 1578 4506 cuins
1608 4459 1670 4499 me·

332 4540 458 4599 moriam
479 4540 588 4612 refert,
617 4547 751 4619 tempore
773 4557 841 4598 esse
863 4549 1029 4600 exaratum.
1072 4537 1152 4600 Nam
1174 4549 1292 4618 praeter
1313 4540 1435 4600 nomina
1455 4541 1618 4600 consulum
1642 4551 1672 4600 et
1756 4599 1757 4602 ,

332 4643 492 4702 latinarum
520 4642 598 4701 diem
624 4641 752 4721 singulis
780 4641 820 4700 ibi
847 4643 934 4702 annis
960 4642 1133 4716 adnotatur,
1161 4651 1259 4702 utrum
1287 4643 1358 4718 imp.
1382 4639 1495 4702 Caesar
1520 4663 1670 4721 praesens
1756 4687 1757 4692 .

333 4765 427 4805 necne
447 4745 480 4804 in
502 4753 603 4804 monte
623 4745 715 4804 fuerit
736 4753 766 4804 et
786 4763 847 4820 qua
868 4744 905 4802 de
927 4763 1021 4805 causa
1041 4745 1182 4804 abluerit:
1204 4745 1280 4821 Imp.
1299 4742 1410 4804 Caesar
1430 4747 1596 4805 valetudine
1617 4750 1672 4804 im·

329 4849 445 4924 peditus
460 4850 523 4925 fuit
535 4881 577 4891 —
591 4851 622 4906 tn
636 4847 786 4924 Hispania
800 4849 916 4924 scit-
932 4850 962 4904 in
980 4857 1072 4908 monte
1086 4849 1148 4923 fait
1170 4843 1337 4922 (Cardinali
1357 4848 1390 4908 in
1404 4848 1468 4908 Atti
1489 4847 1567 4906 della
1585 4858 1670 4924 pont.

334 4951 431 5009 arcad.
451 4951 482 5008 di
503 4951 583 5010 arob.
608 4949 651 5024 II,
674 4948 760 5026 271).
798 4947 934 5024 Quodsi
956 4949 1039 5010 dicas
1060 4950 1093 5009 id
1113 4951 1220 5010 borum
1242 4949 1388 5010 fastorum
1409 4949 1476 5028 lege
1496 4951 1562 5010 lieri
1584 4950 1670 5010 omni
1756 5021 1757 5036 χ

333 5060 468 5128 temporo
491 5051 640 5124 debuisse,
667 5051 790 5111 alterius
812 5052 861 5111 vel
883 5052 1040 5131 utriusque
1062 5051 1194 5112 consulis
1215 5053 1382 5115 absentiam
1404 5053 1436 5112 in
1459 5052 1672 5129 superioribus
1756 5067 1757 5072 ’

333 5171 452 5231 quoque
467 5155 579 5216 tabulis
595 5173 662 5216 esso
678 5154 851 5214 adnotatam
866 5155 957 5215 facile
972 5155 1134 5216 concedam
1150 5155 1284 5232 (tametsi
1298 5155 1372 5214 nibil
1387 5173 1422 5214 ea
1434 5154 1471 5214 de
1482 5173 1514 5213 re
1530 5155 1671 5230 scimus),
1756 5139 1757 5142 ¹

333 5257 533 5338 praesentiam
556 5257 735 5340 superstites
757 5256 914 5318 columnae
935 5266 1055 5336 negant.
1099 5257 1146 5318 Ida
1166 5257 1259 5337 igitur
1280 5257 1443 5337 singularis
1470 5274 1595 5334 prorsus
1623 5257 1671 5314 in-
