<?xml version="1.0" encoding="UTF-8"?>
<!DOCTYPE html PUBLIC "-//W3C//DTD XHTML 1.0 Transitional//EN"
    "http://www.w3.org/TR/xhtml1/DTD/xhtml1-transitional.dtd">
<html xmlns="http://www.w3.org/1999/xhtml" xml:lang="en" lang="en">
 <head>
  <title>
</title>
<meta http-equiv="Content-Type" content="text/html;charset=utf-8" />
  <meta name='ocr-system' content='tesseract 3.04.00' />
  <meta name='ocr-capabilities' content='ocr_page ocr_carea ocr_par ocr_line ocrx_word'/>
</head>
<body>
  <div class='ocr_page' id='page_1' title='image "./ephemerisepigra09instgoog_0117.png"; bbox 0 0 3520 6006; ppageno 0'>
   <div class='ocr_carea' id='block_1_1' title="bbox 338 646 1226 716">
    <p class='ocr_par' dir='ltr' id='par_1_1' title="bbox 338 646 1226 716">
     <span class='ocr_line' id='line_1_1' title="bbox 338 646 1226 716; baseline -0.007 0"><span class='ocrx_word' id='word_1_1' title='bbox 338 646 410 716; x_wconf 90' lang='grc'><strong>106</strong></span> <span class='ocrx_word' id='word_1_2' title='bbox 768 661 1077 714; x_wconf 74' lang='lat' dir='ltr'><strong>annnauanrvu</strong></span> <span class='ocrx_word' id='word_1_3' title='bbox 1094 660 1178 712; x_wconf 79' lang='lat' dir='ltr'><strong>von.</strong></span> <span class='ocrx_word' id='word_1_4' title='bbox 1196 661 1226 710; x_wconf 92' lang='lat'><strong>11</strong></span> 
     </span>
    </p>
   </div>
   <div class='ocr_carea' id='block_1_2' title="bbox 332 821 1757 1322">
    <p class='ocr_par' dir='ltr' id='par_1_2' title="bbox 332 821 1757 1322">
     <span class='ocr_line' id='line_1_2' title="bbox 332 821 1757 911; baseline -0.004 -15"><span class='ocrx_word' id='word_1_5' title='bbox 332 837 424 896; x_wconf 86' lang='lat' dir='ltr'><strong>Liber</strong></span> <span class='ocrx_word' id='word_1_6' title='bbox 446 857 553 896; x_wconf 83' lang='lat' dir='ltr'><strong>venum</strong></span> <span class='ocrx_word' id='word_1_7' title='bbox 581 857 642 895; x_wconf 92' lang='lat' dir='ltr'><strong>non</strong></span> <span class='ocrx_word' id='word_1_8' title='bbox 670 835 772 908; x_wconf 88' lang='lat' dir='ltr'><strong>datur,</strong></span> <span class='ocrx_word' id='word_1_9' title='bbox 799 837 853 893; x_wconf 88' lang='lat' dir='ltr'><strong>sed</strong></span> <span class='ocrx_word' id='word_1_10' title='bbox 879 835 959 895; x_wconf 92' lang='lat' dir='ltr'><strong>dono</strong></span> <span class='ocrx_word' id='word_1_11' title='bbox 985 835 1153 894; x_wconf 86' lang='lat' dir='ltr'><strong>destinatus</strong></span> <span class='ocrx_word' id='word_1_12' title='bbox 1180 843 1227 892; x_wconf 87' lang='lat' dir='ltr'><strong>est</strong></span> <span class='ocrx_word' id='word_1_13' title='bbox 1248 835 1286 896; x_wconf 91' lang='lat' dir='ltr'><strong>ab</strong></span> <span class='ocrx_word' id='word_1_14' title='bbox 1307 833 1420 892; x_wconf 77' lang='lat' dir='ltr'>editore</span> <span class='ocrx_word' id='word_1_15' title='bbox 1441 835 1495 908; x_wconf 88' lang='lat' dir='ltr'><strong>iis,</strong></span> <span class='ocrx_word' id='word_1_16' title='bbox 1521 835 1574 911; x_wconf 90' lang='lat' dir='ltr'><strong>qui</strong></span> <span class='ocrx_word' id='word_1_17' title='bbox 1594 834 1662 892; x_wconf 88' lang='lat' dir='ltr'><strong>haec</strong></span> <span class='ocrx_word' id='word_1_18' title='bbox 1756 821 1757 824; x_wconf 26' lang='lat'>¹</span> 
     </span>
     <span class='ocr_line' id='line_1_3' title="bbox 333 937 1663 1016; baseline -0.002 -20"><span class='ocrx_word' id='word_1_19' title='bbox 333 939 434 998; x_wconf 88' lang='lat' dir='ltr'><strong>studia</strong></span> <span class='ocrx_word' id='word_1_20' title='bbox 459 941 620 1016; x_wconf 88' lang='lat' dir='ltr'><strong>praecipue</strong></span> <span class='ocrx_word' id='word_1_21' title='bbox 646 938 758 997; x_wconf 77' lang='lat' dir='ltr'><strong>forent.</strong></span> <span class='ocrx_word' id='word_1_22' title='bbox 803 937 968 996; x_wconf 88' lang='lat' dir='ltr'><strong>Dedicatus</strong></span> <span class='ocrx_word' id='word_1_23' title='bbox 996 947 1044 997; x_wconf 86' lang='lat' dir='ltr'><strong>est</strong></span> <span class='ocrx_word' id='word_1_24' title='bbox 1065 938 1253 996; x_wconf 79' lang='lat' dir='ltr'><strong>Mommseno</strong></span> <span class='ocrx_word' id='word_1_25' title='bbox 1279 947 1310 996; x_wconf 90' lang='lat' dir='ltr'><strong>et</strong></span> <span class='ocrx_word' id='word_1_26' title='bbox 1330 937 1418 1010; x_wconf 81' lang='lat' dir='ltr'><strong>mihi3</strong></span> <span class='ocrx_word' id='word_1_27' title='bbox 1446 937 1580 996; x_wconf 88' lang='lat' dir='ltr'><strong>continet</strong></span> <span class='ocrx_word' id='word_1_28' title='bbox 1600 949 1663 1012; x_wconf 91' lang='lat' dir='ltr'><strong>post</strong></span> 
     </span>
     <span class='ocr_line' id='line_1_4' title="bbox 333 1037 1664 1120; baseline -0.002 -20"><span class='ocrx_word' id='word_1_29' title='bbox 333 1042 549 1120; x_wconf 77' lang='lat' dir='ltr'><strong>praefationem</strong></span> <span class='ocrx_word' id='word_1_30' title='bbox 571 1043 714 1100; x_wconf 75' lang='lat' dir='ltr'><strong>directam</strong></span> <span class='ocrx_word' id='word_1_31' title='bbox 734 1041 773 1098; x_wconf 89' lang='lat' dir='ltr'><strong>ad</strong></span> <span class='ocrx_word' id='word_1_32' title='bbox 788 1037 814 1098; x_wconf 91' lang='lat' dir='ltr'>F</span> <span class='ocrx_word' id='word_1_33' title='bbox 817 1041 986 1098; x_wconf 88' lang='lat' dir='ltr'><strong>ranciscnm</strong></span> <span class='ocrx_word' id='word_1_34' title='bbox 1002 1039 1316 1111; x_wconf 87' lang='lat' dir='ltr'><strong>Caballero-Iniante,</strong></span> <span class='ocrx_word' id='word_1_35' title='bbox 1337 1058 1416 1116; x_wconf 86' lang='lat' dir='ltr'><strong>quae</strong></span> <span class='ocrx_word' id='word_1_36' title='bbox 1430 1039 1579 1116; x_wconf 91' lang='lat' dir='ltr'><strong>quomodo</strong></span> <span class='ocrx_word' id='word_1_37' title='bbox 1594 1041 1664 1097; x_wconf 88' lang='lat' dir='ltr'><strong>acci·</strong></span> 
     </span>
     <span class='ocr_line' id='line_1_5' title="bbox 333 1143 1665 1219; baseline -0.002 -17"><span class='ocrx_word' id='word_1_38' title='bbox 333 1145 410 1202; x_wconf 88' lang='lat' dir='ltr'><strong>derit</strong></span> <span class='ocrx_word' id='word_1_39' title='bbox 432 1155 465 1202; x_wconf 90' lang='lat' dir='ltr'><strong>ut</strong></span> <span class='ocrx_word' id='word_1_40' title='bbox 484 1143 603 1203; x_wconf 88' lang='lat' dir='ltr'><strong>tabulas</strong></span> <span class='ocrx_word' id='word_1_41' title='bbox 624 1143 755 1202; x_wconf 89' lang='lat' dir='ltr'><strong>edendas</strong></span> <span class='ocrx_word' id='word_1_42' title='bbox 777 1145 945 1219; x_wconf 87' lang='lat' dir='ltr'><strong>susciperet</strong></span> <span class='ocrx_word' id='word_1_43' title='bbox 966 1143 1097 1219; x_wconf 79' lang='lat' dir='ltr'>scriptor</span> <span class='ocrx_word' id='word_1_44' title='bbox 1117 1154 1239 1202; x_wconf 76' lang='lat' dir='ltr'>enarrat</span> <span class='ocrx_word' id='word_1_45' title='bbox 1259 1143 1303 1219; x_wconf 90' lang='lat' dir='ltr'><strong>(p.</strong></span> <span class='ocrx_word' id='word_1_46' title='bbox 1322 1143 1432 1218; x_wconf 84' lang='lat'><strong>1-5),</strong></span> <span class='ocrx_word' id='word_1_47' title='bbox 1453 1143 1583 1219; x_wconf 89' lang='lat' dir='ltr'><strong>primum</strong></span> <span class='ocrx_word' id='word_1_48' title='bbox 1605 1151 1665 1199; x_wconf 86' lang='lat' dir='ltr'><strong>tex-</strong></span> 
     </span>
     <span class='ocr_line' id='line_1_6' title="bbox 333 1243 1662 1322; baseline -0.001 -19"><span class='ocrx_word' id='word_1_49' title='bbox 333 1255 395 1304; x_wconf 88' lang='lat' dir='ltr'><strong>tum</strong></span> <span class='ocrx_word' id='word_1_50' title='bbox 417 1246 586 1305; x_wconf 89' lang='lat' dir='ltr'><strong>tabularum</strong></span> <span class='ocrx_word' id='word_1_51' title='bbox 608 1247 770 1305; x_wconf 90' lang='lat' dir='ltr'><strong>secundum</strong></span> <span class='ocrx_word' id='word_1_52' title='bbox 788 1246 1020 1322; x_wconf 81' lang='lat' dir='ltr'><strong>archetyporum</strong></span> <span class='ocrx_word' id='word_1_53' title='bbox 1035 1245 1162 1303; x_wconf 80' lang='lat' dir='ltr'><strong>sormam</strong></span> <span class='ocrx_word' id='word_1_54' title='bbox 1177 1245 1367 1322; x_wconf 88' lang='lat' dir='ltr'><strong>dispositum,</strong></span> <span class='ocrx_word' id='word_1_55' title='bbox 1389 1243 1496 1302; x_wconf 89' lang='lat' dir='ltr'><strong>deinde</strong></span> <span class='ocrx_word' id='word_1_56' title='bbox 1509 1244 1662 1303; x_wconf 89' lang='lat' dir='ltr'><strong>lectionem</strong></span> 
     </span>
    </p>
   </div>
   <div class='ocr_carea' id='block_1_3' title="bbox 333 1345 1758 1530">
    <p class='ocr_par' dir='ltr' id='par_1_3' title="bbox 333 1345 1758 1530">
     <span class='ocr_line' id='line_1_7' title="bbox 333 1345 1758 1426; baseline 0 -22"><span class='ocrx_word' id='word_1_57' title='bbox 333 1348 455 1406; x_wconf 87' lang='lat' dir='ltr'><strong>editoris</strong></span> <span class='ocrx_word' id='word_1_58' title='bbox 476 1348 519 1426; x_wconf 92' lang='lat' dir='ltr'><strong>(p.</strong></span> <span class='ocrx_word' id='word_1_59' title='bbox 536 1348 653 1426; x_wconf 76' lang='lat'>9-20)</span> <span class='ocrx_word' id='word_1_60' title='bbox 675 1367 742 1408; x_wconf 88' lang='lat' dir='ltr'><strong>carn</strong></span> <span class='ocrx_word' id='word_1_61' title='bbox 758 1349 897 1406; x_wconf 82' lang='lat' dir='ltr'><strong>versione</strong></span> <span class='ocrx_word' id='word_1_62' title='bbox 914 1347 1082 1422; x_wconf 88' lang='lat' dir='ltr'><strong>llispanioa</strong></span> <span class='ocrx_word' id='word_1_63' title='bbox 1103 1347 1147 1424; x_wconf 92' lang='lat' dir='ltr'><strong>(p.</strong></span> <span class='ocrx_word' id='word_1_64' title='bbox 1164 1345 1311 1421; x_wconf 78' lang='lat'>21—32).</span> <span class='ocrx_word' id='word_1_65' title='bbox 1345 1345 1423 1404; x_wconf 88' lang='lat' dir='ltr'><strong>Tum</strong></span> <span class='ocrx_word' id='word_1_66' title='bbox 1446 1348 1543 1424; x_wconf 80' lang='lat' dir='ltr'><strong>pergit</strong></span> <span class='ocrx_word' id='word_1_67' title='bbox 1565 1347 1603 1405; x_wconf 87' lang='lat' dir='ltr'><strong>ad</strong></span> <span class='ocrx_word' id='word_1_68' title='bbox 1620 1348 1664 1404; x_wconf 89' lang='lat' dir='ltr'><strong>de·</strong></span> <span class='ocrx_word' id='word_1_69' title='bbox 1757 1389 1758 1414; x_wconf 68' lang='grc'>,</span> 
     </span>
     <span class='ocr_line' id='line_1_8' title="bbox 333 1449 1758 1530; baseline -0.001 -22"><span class='ocrx_word' id='word_1_70' title='bbox 333 1451 526 1526; x_wconf 82' lang='lat' dir='ltr'><strong>scriptionem</strong></span> <span class='ocrx_word' id='word_1_71' title='bbox 548 1453 729 1522; x_wconf 88' lang='lat' dir='ltr'><strong>tabularum,</strong></span> <span class='ocrx_word' id='word_1_72' title='bbox 751 1451 877 1508; x_wconf 84' lang='lat' dir='ltr'><strong>sormam</strong></span> <span class='ocrx_word' id='word_1_73' title='bbox 898 1468 1000 1508; x_wconf 88' lang='lat' dir='ltr'><strong>earnm</strong></span> <span class='ocrx_word' id='word_1_74' title='bbox 1022 1458 1176 1507; x_wconf 87' lang='lat' dir='ltr'><strong>externam</strong></span> <span class='ocrx_word' id='word_1_75' title='bbox 1191 1457 1323 1522; x_wconf 78' lang='lat' dir='ltr'><strong>enarrat,</strong></span> <span class='ocrx_word' id='word_1_76' title='bbox 1346 1449 1416 1508; x_wconf 90' lang='lat' dir='ltr'><strong>item</strong></span> <span class='ocrx_word' id='word_1_77' title='bbox 1431 1459 1608 1524; x_wconf 84' lang='lat' dir='ltr'><strong>argumenta</strong></span> <span class='ocrx_word' id='word_1_78' title='bbox 1622 1469 1665 1506; x_wconf 87' lang='lat' dir='ltr'><strong>ca·</strong></span> <span class='ocrx_word' id='word_1_79' title='bbox 1757 1473 1758 1530; x_wconf 58' lang='grc' dir='ltr'><strong>ι</strong></span> 
     </span>
    </p>
   </div>
   <div class='ocr_carea' id='block_1_4' title="bbox 331 1551 1672 5414">
    <p class='ocr_par' dir='ltr' id='par_1_4' title="bbox 332 1551 1759 2447">
     <span class='ocr_line' id='line_1_9' title="bbox 335 1551 1666 1630; baseline -0.002 -20"><span class='ocrx_word' id='word_1_80' title='bbox 335 1554 439 1630; x_wconf 83' lang='grc' dir='ltr'><strong>ρίιιιω,</strong></span> <span class='ocrx_word' id='word_1_81' title='bbox 462 1553 639 1630; x_wconf 88' lang='lat' dir='ltr'><strong>compendia</strong></span> <span class='ocrx_word' id='word_1_82' title='bbox 660 1553 828 1628; x_wconf 85' lang='lat' dir='ltr'><strong>scripturae</strong></span> <span class='ocrx_word' id='word_1_83' title='bbox 850 1561 880 1610; x_wconf 91' lang='lat' dir='ltr'><strong>et</strong></span> <span class='ocrx_word' id='word_1_84' title='bbox 902 1551 1023 1624; x_wconf 88' lang='lat' dir='ltr'><strong>similia,</strong></span> <span class='ocrx_word' id='word_1_85' title='bbox 1045 1552 1120 1610; x_wconf 85' lang='lat' dir='ltr'><strong>vitia</strong></span> <span class='ocrx_word' id='word_1_86' title='bbox 1140 1552 1287 1628; x_wconf 88' lang='lat' dir='ltr'><strong>quaedam</strong></span> <span class='ocrx_word' id='word_1_87' title='bbox 1309 1569 1388 1627; x_wconf 91' lang='lat' dir='ltr'><strong>qnae</strong></span> <span class='ocrx_word' id='word_1_88' title='bbox 1410 1561 1495 1628; x_wconf 84' lang='lat' dir='ltr'><strong>putat</strong></span> <span class='ocrx_word' id='word_1_89' title='bbox 1515 1553 1553 1610; x_wconf 90' lang='lat' dir='ltr'><strong>ab</strong></span> <span class='ocrx_word' id='word_1_90' title='bbox 1567 1571 1605 1608; x_wconf 90' lang='lat' dir='ltr'><strong>eo</strong></span> <span class='ocrx_word' id='word_1_91' title='bbox 1619 1551 1666 1626; x_wconf 91' lang='lat' dir='ltr'><strong>qui</strong></span> 
     </span>
     <span class='ocr_line' id='line_1_10' title="bbox 333 1653 1668 1732; baseline -0.002 -19"><span class='ocrx_word' id='word_1_92' title='bbox 333 1656 513 1732; x_wconf 88' lang='lat' dir='ltr'><strong>conscripsit</strong></span> <span class='ocrx_word' id='word_1_93' title='bbox 532 1665 584 1714; x_wconf 89' lang='lat' dir='ltr'><strong>aut</strong></span> <span class='ocrx_word' id='word_1_94' title='bbox 606 1656 655 1732; x_wconf 90' lang='lat' dir='ltr'><strong>qui</strong></span> <span class='ocrx_word' id='word_1_95' title='bbox 678 1656 740 1714; x_wconf 88' lang='lat' dir='ltr'><strong>aeri</strong></span> <span class='ocrx_word' id='word_1_96' title='bbox 763 1654 868 1712; x_wconf 89' lang='lat' dir='ltr'><strong>incidit</strong></span> <span class='ocrx_word' id='word_1_97' title='bbox 888 1655 1051 1712; x_wconf 86' lang='lat' dir='ltr'><strong>commissa</strong></span> <span class='ocrx_word' id='word_1_98' title='bbox 1072 1671 1150 1726; x_wconf 87' lang='lat' dir='ltr'><strong>esse,</strong></span> <span class='ocrx_word' id='word_1_99' title='bbox 1172 1655 1317 1712; x_wconf 84' lang='lat' dir='ltr'><strong>rationem</strong></span> <span class='ocrx_word' id='word_1_100' title='bbox 1340 1653 1499 1726; x_wconf 85' lang='lat' dir='ltr'><strong>scribendi,</strong></span> <span class='ocrx_word' id='word_1_101' title='bbox 1521 1653 1620 1712; x_wconf 90' lang='lat' dir='ltr'><strong>locam</strong></span> <span class='ocrx_word' id='word_1_102' title='bbox 1642 1665 1668 1710; x_wconf 87' lang='lat' dir='ltr'><strong>et</strong></span> 
     </span>
     <span class='ocr_line' id='line_1_11' title="bbox 333 1755 1667 1836; baseline -0.001 -21"><span class='ocrx_word' id='word_1_103' title='bbox 333 1768 451 1836; x_wconf 88' lang='lat' dir='ltr'><strong>tempus</strong></span> <span class='ocrx_word' id='word_1_104' title='bbox 473 1757 550 1834; x_wconf 85' lang='lat' dir='ltr'><strong>legis</strong></span> <span class='ocrx_word' id='word_1_105' title='bbox 573 1758 616 1833; x_wconf 90' lang='lat' dir='ltr'><strong>(p.</strong></span> <span class='ocrx_word' id='word_1_106' title='bbox 633 1757 782 1833; x_wconf 83' lang='lat'><strong>33-83).</strong></span> <span class='ocrx_word' id='word_1_107' title='bbox 816 1756 958 1831; x_wconf 87' lang='lat' dir='ltr'><strong>Denique</strong></span> <span class='ocrx_word' id='word_1_108' title='bbox 980 1755 1121 1832; x_wconf 90' lang='lat' dir='ltr'><strong>proponit</strong></span> <span class='ocrx_word' id='word_1_109' title='bbox 1135 1757 1367 1814; x_wconf 74' lang='lat' dir='ltr'><strong>commentarios</strong></span> <span class='ocrx_word' id='word_1_110' title='bbox 1382 1757 1420 1814; x_wconf 93' lang='lat' dir='ltr'><strong>ad</strong></span> <span class='ocrx_word' id='word_1_111' title='bbox 1436 1756 1559 1832; x_wconf 84' lang='lat' dir='ltr'><strong>singula</strong></span> <span class='ocrx_word' id='word_1_112' title='bbox 1573 1757 1667 1832; x_wconf 82' lang='lat' dir='ltr'><strong>capita</strong></span> 
     </span>
     <span class='ocr_line' id='line_1_12' title="bbox 334 1855 1667 1937; baseline -0.001 -19"><span class='ocrx_word' id='word_1_113' title='bbox 334 1859 378 1937; x_wconf 92' lang='lat' dir='ltr'><strong>(p.</strong></span> <span class='ocrx_word' id='word_1_114' title='bbox 395 1859 500 1935; x_wconf 84' lang='lat' dir='ltr'><strong>84ss.)</strong></span> <span class='ocrx_word' id='word_1_115' title='bbox 522 1877 589 1918; x_wconf 89' lang='lat' dir='ltr'><strong>cum</strong></span> <span class='ocrx_word' id='word_1_116' title='bbox 611 1859 756 1918; x_wconf 75' lang='lat' dir='ltr'><strong>addendis</strong></span> <span class='ocrx_word' id='word_1_117' title='bbox 778 1859 932 1918; x_wconf 87' lang='lat' dir='ltr'><strong>nonnullis</strong></span> <span class='ocrx_word' id='word_1_118' title='bbox 956 1857 1022 1934; x_wconf 84' lang='lat' dir='ltr'><strong>(pp.</strong></span> <span class='ocrx_word' id='word_1_119' title='bbox 1037 1855 1117 1916; x_wconf 74' lang='lat'><strong>254*</strong></span> <span class='ocrx_word' id='word_1_120' title='bbox 1132 1865 1162 1915; x_wconf 90' lang='lat' dir='ltr'><strong>et</strong></span> <span class='ocrx_word' id='word_1_121' title='bbox 1178 1856 1300 1932; x_wconf 65' lang='lat'>254⁸).</span> <span class='ocrx_word' id='word_1_122' title='bbox 1333 1859 1481 1916; x_wconf 85' lang='lat' dir='ltr'><strong>Adiectae</strong></span> <span class='ocrx_word' id='word_1_123' title='bbox 1500 1869 1574 1917; x_wconf 89' lang='lat' dir='ltr'><strong>sunt</strong></span> <span class='ocrx_word' id='word_1_124' title='bbox 1588 1860 1667 1917; x_wconf 88' lang='lat' dir='ltr'><strong>tabu·</strong></span> 
     </span>
     <span class='ocr_line' id='line_1_13' title="bbox 332 1959 1668 2039; baseline -0.001 -19"><span class='ocrx_word' id='word_1_125' title='bbox 332 1962 380 2020; x_wconf 90' lang='lat' dir='ltr'><strong>lae</strong></span> <span class='ocrx_word' id='word_1_126' title='bbox 399 1963 609 2039; x_wconf 85' lang='lat' dir='ltr'><strong>lithographae</strong></span> <span class='ocrx_word' id='word_1_127' title='bbox 623 1961 764 2038; x_wconf 89' lang='lat' dir='ltr'><strong>quinque,</strong></span> <span class='ocrx_word' id='word_1_128' title='bbox 787 1979 864 2038; x_wconf 87' lang='lat' dir='ltr'><strong>quae</strong></span> <span class='ocrx_word' id='word_1_129' title='bbox 887 1961 1054 2038; x_wconf 86' lang='lat' dir='ltr'><strong>scripturae</strong></span> <span class='ocrx_word' id='word_1_130' title='bbox 1076 1961 1203 2018; x_wconf 82' lang='lat' dir='ltr'><strong>sormam</strong></span> <span class='ocrx_word' id='word_1_131' title='bbox 1226 1969 1316 2036; x_wconf 89' lang='lat' dir='ltr'><strong>atque</strong></span> <span class='ocrx_word' id='word_1_132' title='bbox 1338 1959 1415 2018; x_wconf 90' lang='lat' dir='ltr'><strong>adeo</strong></span> <span class='ocrx_word' id='word_1_133' title='bbox 1437 1961 1516 2019; x_wconf 88' lang='lat' dir='ltr'><strong>aeris</strong></span> <span class='ocrx_word' id='word_1_134' title='bbox 1539 1961 1668 2020; x_wconf 87' lang='lat' dir='ltr'><strong>colorem</strong></span> 
     </span>
     <span class='ocr_line' id='line_1_14' title="bbox 332 2039 1668 2140; baseline -0.001 -19"><span class='ocrx_word' id='word_1_135' title='bbox 332 2039 459 2122; x_wconf 81' lang='lat' dir='ltr'><strong>iideliter</strong></span> <span class='ocrx_word' id='word_1_136' title='bbox 485 2064 620 2122; x_wconf 84' lang='lat' dir='ltr'><strong>imitatae</strong></span> <span class='ocrx_word' id='word_1_137' title='bbox 647 2063 695 2138; x_wconf 88' lang='lat' dir='ltr'><strong>(nt</strong></span> <span class='ocrx_word' id='word_1_138' title='bbox 716 2064 837 2122; x_wconf 89' lang='lat' dir='ltr'><strong>tabulae</strong></span> <span class='ocrx_word' id='word_1_139' title='bbox 859 2061 1098 2140; x_wconf 86' lang='lat' dir='ltr'><strong>Ritschelianae)</strong></span> <span class='ocrx_word' id='word_1_140' title='bbox 1125 2063 1213 2122; x_wconf 92' lang='lat' dir='ltr'><strong>trium</strong></span> <span class='ocrx_word' id='word_1_141' title='bbox 1241 2063 1408 2122; x_wconf 89' lang='lat' dir='ltr'><strong>tabularum</strong></span> <span class='ocrx_word' id='word_1_142' title='bbox 1436 2063 1524 2121; x_wconf 89' lang='lat' dir='ltr'><strong>initia</strong></span> <span class='ocrx_word' id='word_1_143' title='bbox 1544 2064 1668 2140; x_wconf 88' lang='lat' dir='ltr'><strong>singulis</strong></span> 
     </span>
     <span class='ocr_line' id='line_1_15' title="bbox 332 2163 1668 2242; baseline -0.001 -18"><span class='ocrx_word' id='word_1_144' title='bbox 332 2165 522 2242; x_wconf 83' lang='lat' dir='ltr'><strong>imaginibus,</strong></span> <span class='ocrx_word' id='word_1_145' title='bbox 545 2165 651 2224; x_wconf 90' lang='lat' dir='ltr'><strong>deinde</strong></span> <span class='ocrx_word' id='word_1_146' title='bbox 674 2175 764 2242; x_wconf 88' lang='lat' dir='ltr'><strong>caput</strong></span> <span class='ocrx_word' id='word_1_147' title='bbox 785 2184 876 2223; x_wconf 91' lang='lat' dir='ltr'><strong>unum</strong></span> <span class='ocrx_word' id='word_1_148' title='bbox 900 2163 1069 2240; x_wconf 85' lang='lat' dir='ltr'>(CXXIX)</span> <span class='ocrx_word' id='word_1_149' title='bbox 1093 2165 1213 2223; x_wconf 89' lang='lat' dir='ltr'><strong>tabulae</strong></span> <span class='ocrx_word' id='word_1_150' title='bbox 1234 2165 1350 2237; x_wconf 88' lang='lat' dir='ltr'><strong>tertiae,</strong></span> <span class='ocrx_word' id='word_1_151' title='bbox 1372 2167 1500 2242; x_wconf 90' lang='lat' dir='ltr'><strong>deniqne</strong></span> <span class='ocrx_word' id='word_1_152' title='bbox 1521 2165 1668 2242; x_wconf 85' lang='lat' dir='ltr'><strong>fragmen-</strong></span> 
     </span>
     <span class='ocr_line' id='line_1_16' title="bbox 332 2267 1669 2344; baseline 0.001 -20"><span class='ocrx_word' id='word_1_153' title='bbox 332 2275 395 2326; x_wconf 90' lang='lat' dir='ltr'><strong>tum</strong></span> <span class='ocrx_word' id='word_1_154' title='bbox 417 2268 568 2344; x_wconf 87' lang='lat' dir='ltr'><strong>quoddam</strong></span> <span class='ocrx_word' id='word_1_155' title='bbox 589 2287 648 2326; x_wconf 92' lang='lat' dir='ltr'><strong>non</strong></span> <span class='ocrx_word' id='word_1_156' title='bbox 672 2269 771 2344; x_wconf 86' lang='lat' dir='ltr'><strong>magni</strong></span> <span class='ocrx_word' id='word_1_157' title='bbox 793 2268 882 2344; x_wconf 90' lang='lat' dir='ltr'><strong>pretii</strong></span> <span class='ocrx_word' id='word_1_158' title='bbox 904 2267 1050 2340; x_wconf 88' lang='lat' dir='ltr'><strong>alienum,</strong></span> <span class='ocrx_word' id='word_1_159' title='bbox 1073 2267 1189 2326; x_wconf 89' lang='lat' dir='ltr'><strong>scilicet</strong></span> <span class='ocrx_word' id='word_1_160' title='bbox 1209 2267 1328 2326; x_wconf 90' lang='lat' dir='ltr'><strong>tabulae</strong></span> <span class='ocrx_word' id='word_1_161' title='bbox 1349 2287 1455 2328; x_wconf 87' lang='lat' dir='ltr'><strong>aereae</strong></span> <span class='ocrx_word' id='word_1_162' title='bbox 1477 2267 1605 2327; x_wconf 85' lang='lat' dir='ltr'><strong>Italicae</strong></span> <span class='ocrx_word' id='word_1_163' title='bbox 1627 2288 1669 2326; x_wconf 91' lang='lat' dir='ltr'><strong>re·</strong></span> 
     </span>
     <span class='ocr_line' id='line_1_17' title="bbox 332 2369 1089 2447; baseline 0.001 -20"><span class='ocrx_word' id='word_1_164' title='bbox 332 2377 459 2447; x_wconf 83' lang='lat' dir='ltr'><strong>partum,</strong></span> <span class='ocrx_word' id='word_1_165' title='bbox 481 2370 562 2445; x_wconf 89' lang='lat' dir='ltr'><strong>quod</strong></span> <span class='ocrx_word' id='word_1_166' title='bbox 584 2369 831 2442; x_wconf 66' lang='lat' dir='ltr'><strong>innodabimus,</strong></span> <span class='ocrx_word' id='word_1_167' title='bbox 853 2379 1089 2446; x_wconf 87' lang='lat' dir='ltr'><strong>repraesentant.</strong></span> 
     </span>
    </p>

    <p class='ocr_par' dir='ltr' id='par_1_5' title="bbox 331 2471 1672 3672">
     <span class='ocr_line' id='line_1_18' title="bbox 416 2471 1670 2551; baseline 0 -21"><span class='ocrx_word' id='word_1_168' title='bbox 416 2471 453 2530; x_wconf 94' lang='lat' dir='ltr'><strong>In</strong></span> <span class='ocrx_word' id='word_1_169' title='bbox 480 2473 611 2531; x_wconf 93' lang='lat' dir='ltr'><strong>editione</strong></span> <span class='ocrx_word' id='word_1_170' title='bbox 637 2471 668 2530; x_wconf 91' lang='lat' dir='ltr'><strong>id</strong></span> <span class='ocrx_word' id='word_1_171' title='bbox 691 2473 881 2550; x_wconf 89' lang='lat' dir='ltr'><strong>potissimum</strong></span> <span class='ocrx_word' id='word_1_172' title='bbox 905 2481 1059 2548; x_wconf 86' lang='lat' dir='ltr'><strong>spectasse</strong></span> <span class='ocrx_word' id='word_1_173' title='bbox 1082 2489 1115 2530; x_wconf 92' lang='lat' dir='ltr'><strong>se</strong></span> <span class='ocrx_word' id='word_1_174' title='bbox 1136 2471 1290 2551; x_wconf 84' lang='lat' dir='ltr'><strong>Berlanga</strong></span> <span class='ocrx_word' id='word_1_175' title='bbox 1310 2474 1365 2546; x_wconf 85' lang='lat' dir='ltr'><strong>ait,</strong></span> <span class='ocrx_word' id='word_1_176' title='bbox 1393 2481 1567 2532; x_wconf 86' lang='lat' dir='ltr'><strong>attextum</strong></span> <span class='ocrx_word' id='word_1_177' title='bbox 1589 2475 1670 2533; x_wconf 83' lang='lat' dir='ltr'><strong>tabu·</strong></span> 
     </span>
     <span class='ocr_line' id='line_1_19' title="bbox 332 2574 1669 2653; baseline 0.002 -21"><span class='ocrx_word' id='word_1_178' title='bbox 332 2574 431 2634; x_wconf 90' lang='lat' dir='ltr'><strong>larum</strong></span> <span class='ocrx_word' id='word_1_179' title='bbox 453 2574 610 2633; x_wconf 86' lang='lat' dir='ltr'><strong>exhiberet</strong></span> <span class='ocrx_word' id='word_1_180' title='bbox 630 2593 720 2650; x_wconf 87' lang='lat' dir='ltr'><strong>quarn</strong></span> <span class='ocrx_word' id='word_1_181' title='bbox 743 2575 970 2634; x_wconf 89' lang='lat' dir='ltr'><strong>accuratissime</strong></span> <span class='ocrx_word' id='word_1_182' title='bbox 991 2583 1022 2632; x_wconf 87' lang='lat' dir='ltr'><strong>et</strong></span> <span class='ocrx_word' id='word_1_183' title='bbox 1042 2574 1216 2633; x_wconf 86' lang='lat' dir='ltr'><strong>fidelissime</strong></span> <span class='ocrx_word' id='word_1_184' title='bbox 1238 2593 1426 2653; x_wconf 86' lang='lat' dir='ltr'><strong>expressum,</strong></span> <span class='ocrx_word' id='word_1_185' title='bbox 1451 2595 1584 2652; x_wconf 89' lang='lat' dir='ltr'><strong>eumque</strong></span> <span class='ocrx_word' id='word_1_186' title='bbox 1606 2596 1669 2653; x_wconf 91' lang='lat' dir='ltr'><strong>pro·</strong></span> 
     </span>
     <span class='ocr_line' id='line_1_20' title="bbox 333 2675 1670 2754; baseline 0.001 -20"><span class='ocrx_word' id='word_1_187' title='bbox 333 2677 429 2734; x_wconf 89' lang='lat' dir='ltr'><strong>misso</strong></span> <span class='ocrx_word' id='word_1_188' title='bbox 459 2675 580 2736; x_wconf 86' lang='lat' dir='ltr'><strong>stetisse</strong></span> <span class='ocrx_word' id='word_1_189' title='bbox 608 2695 658 2735; x_wconf 88' lang='lat' dir='ltr'><strong>res</strong></span> <span class='ocrx_word' id='word_1_190' title='bbox 686 2677 755 2753; x_wconf 90' lang='lat' dir='ltr'><strong>ipsa</strong></span> <span class='ocrx_word' id='word_1_191' title='bbox 781 2677 881 2748; x_wconf 91' lang='lat' dir='ltr'><strong>docet;</strong></span> <span class='ocrx_word' id='word_1_192' title='bbox 910 2677 963 2734; x_wconf 84' lang='lat' dir='ltr'><strong>vix</strong></span> <span class='ocrx_word' id='word_1_193' title='bbox 989 2677 1068 2736; x_wconf 88' lang='lat' dir='ltr'><strong>enim</strong></span> <span class='ocrx_word' id='word_1_194' title='bbox 1098 2695 1240 2754; x_wconf 88' lang='lat' dir='ltr'><strong>umquam</strong></span> <span class='ocrx_word' id='word_1_195' title='bbox 1269 2678 1340 2737; x_wconf 90' lang='lat' dir='ltr'><strong>talis</strong></span> <span class='ocrx_word' id='word_1_196' title='bbox 1363 2680 1491 2738; x_wconf 88' lang='lat' dir='ltr'><strong>ambitus</strong></span> <span class='ocrx_word' id='word_1_197' title='bbox 1514 2681 1670 2754; x_wconf 89' lang='lat' dir='ltr'><strong>inscriptio</strong></span> 
     </span>
     <span class='ocr_line' id='line_1_21' title="bbox 333 2777 1670 2859; baseline 0.004 -25"><span class='ocrx_word' id='word_1_198' title='bbox 333 2777 451 2836; x_wconf 86' lang='lat' dir='ltr'><strong>videtur</strong></span> <span class='ocrx_word' id='word_1_199' title='bbox 477 2787 703 2854; x_wconf 88' lang='lat' dir='ltr'><strong>repraesentata</strong></span> <span class='ocrx_word' id='word_1_200' title='bbox 730 2797 797 2838; x_wconf 89' lang='lat' dir='ltr'><strong>esse</strong></span> <span class='ocrx_word' id='word_1_201' title='bbox 824 2779 854 2836; x_wconf 92' lang='lat' dir='ltr'><strong>in</strong></span> <span class='ocrx_word' id='word_1_202' title='bbox 882 2780 950 2857; x_wconf 86' lang='lat' dir='ltr'><strong>ipsa</strong></span> <span class='ocrx_word' id='word_1_203' title='bbox 971 2779 1102 2837; x_wconf 89' lang='lat' dir='ltr'><strong>editione</strong></span> <span class='ocrx_word' id='word_1_204' title='bbox 1125 2780 1260 2856; x_wconf 90' lang='lat' dir='ltr'><strong>principe</strong></span> <span class='ocrx_word' id='word_1_205' title='bbox 1282 2789 1341 2840; x_wconf 88' lang='lat' dir='ltr'><strong>tam</strong></span> <span class='ocrx_word' id='word_1_206' title='bbox 1363 2791 1442 2840; x_wconf 85' lang='lat' dir='ltr'><strong>recte</strong></span> <span class='ocrx_word' id='word_1_207' title='bbox 1463 2789 1494 2838; x_wconf 89' lang='lat' dir='ltr'><strong>et</strong></span> <span class='ocrx_word' id='word_1_208' title='bbox 1514 2781 1670 2859; x_wconf 89' lang='lat' dir='ltr'><strong>castigate.</strong></span> 
     </span>
     <span class='ocr_line' id='line_1_22' title="bbox 333 2877 1672 2956; baseline 0.004 -19"><span class='ocrx_word' id='word_1_209' title='bbox 333 2877 423 2953; x_wconf 86' lang='lat' dir='ltr'><strong>Quod</strong></span> <span class='ocrx_word' id='word_1_210' title='bbox 448 2880 480 2938; x_wconf 90' lang='lat' dir='ltr'><strong>in</strong></span> <span class='ocrx_word' id='word_1_211' title='bbox 507 2880 729 2940; x_wconf 86' lang='lat' dir='ltr'><strong>commentariis</strong></span> <span class='ocrx_word' id='word_1_212' title='bbox 758 2899 817 2939; x_wconf 93' lang='lat' dir='ltr'><strong>non</strong></span> <span class='ocrx_word' id='word_1_213' title='bbox 844 2880 946 2940; x_wconf 90' lang='lat' dir='ltr'><strong>omnia</strong></span> <span class='ocrx_word' id='word_1_214' title='bbox 971 2890 1050 2940; x_wconf 90' lang='lat' dir='ltr'><strong>recte</strong></span> <span class='ocrx_word' id='word_1_215' title='bbox 1077 2891 1235 2941; x_wconf 85' lang='lat' dir='ltr'><strong>assecutus</strong></span> <span class='ocrx_word' id='word_1_216' title='bbox 1262 2891 1311 2941; x_wconf 88' lang='lat' dir='ltr'><strong>est</strong></span> <span class='ocrx_word' id='word_1_217' title='bbox 1336 2883 1446 2956; x_wconf 88' lang='lat' dir='ltr'><strong>editor,</strong></span> <span class='ocrx_word' id='word_1_218' title='bbox 1472 2883 1502 2942; x_wconf 95' lang='lat' dir='ltr'><strong>id</strong></span> <span class='ocrx_word' id='word_1_219' title='bbox 1529 2885 1563 2942; x_wconf 92' lang='lat' dir='ltr'><strong>in</strong></span> <span class='ocrx_word' id='word_1_220' title='bbox 1592 2895 1672 2942; x_wconf 89' lang='lat' dir='ltr'><strong>tanta</strong></span> 
     </span>
     <span class='ocr_line' id='line_1_23' title="bbox 332 2983 1672 3063; baseline 0.002 -23"><span class='ocrx_word' id='word_1_221' title='bbox 332 2983 377 3040; x_wconf 90' lang='lat' dir='ltr'><strong>rei</strong></span> <span class='ocrx_word' id='word_1_222' title='bbox 404 2983 537 3042; x_wconf 82' lang='lat' dir='ltr'><strong>novitate</strong></span> <span class='ocrx_word' id='word_1_223' title='bbox 564 2990 594 3040; x_wconf 87' lang='lat' dir='ltr'><strong>et</strong></span> <span class='ocrx_word' id='word_1_224' title='bbox 621 2983 751 3042; x_wconf 89' lang='lat' dir='ltr'><strong>maxime</strong></span> <span class='ocrx_word' id='word_1_225' title='bbox 776 2983 806 3040; x_wconf 93' lang='lat' dir='ltr'><strong>in</strong></span> <span class='ocrx_word' id='word_1_226' title='bbox 828 2983 969 3041; x_wconf 89' lang='lat' dir='ltr'><strong>luctuosa</strong></span> <span class='ocrx_word' id='word_1_227' title='bbox 989 3001 1066 3059; x_wconf 90' lang='lat' dir='ltr'><strong>quae</strong></span> <span class='ocrx_word' id='word_1_228' title='bbox 1088 2984 1146 3042; x_wconf 86' lang='lat' dir='ltr'><strong>luit</strong></span> <span class='ocrx_word' id='word_1_229' title='bbox 1166 3004 1203 3043; x_wconf 91' lang='lat' dir='ltr'><strong>eo</strong></span> <span class='ocrx_word' id='word_1_230' title='bbox 1224 2993 1359 3061; x_wconf 90' lang='lat' dir='ltr'><strong>tempore</strong></span> <span class='ocrx_word' id='word_1_231' title='bbox 1380 2985 1549 3063; x_wconf 86' lang='lat' dir='ltr'><strong>Hispaniae</strong></span> <span class='ocrx_word' id='word_1_232' title='bbox 1571 2985 1672 3046; x_wconf 92' lang='lat' dir='ltr'><strong>condi-</strong></span> 
     </span>
     <span class='ocr_line' id='line_1_24' title="bbox 334 3084 1670 3162; baseline 0.003 -20"><span class='ocrx_word' id='word_1_233' title='bbox 334 3084 418 3142; x_wconf 92' lang='lat' dir='ltr'><strong>cione</strong></span> <span class='ocrx_word' id='word_1_234' title='bbox 440 3101 629 3161; x_wconf 88' lang='lat' dir='ltr'><strong>nequaquam</strong></span> <span class='ocrx_word' id='word_1_235' title='bbox 651 3085 678 3142; x_wconf 89' lang='lat' dir='ltr'><strong>ei</strong></span> <span class='ocrx_word' id='word_1_236' title='bbox 701 3085 773 3143; x_wconf 84' lang='lat' dir='ltr'><strong>vitio</strong></span> <span class='ocrx_word' id='word_1_237' title='bbox 789 3093 906 3144; x_wconf 85' lang='lat' dir='ltr'><strong>vertent</strong></span> <span class='ocrx_word' id='word_1_238' title='bbox 926 3085 1054 3146; x_wconf 84' lang='lat' dir='ltr'><strong>lectores</strong></span> <span class='ocrx_word' id='word_1_239' title='bbox 1076 3087 1174 3162; x_wconf 86' lang='lat' dir='ltr'><strong>periti.</strong></span> <span class='ocrx_word' id='word_1_240' title='bbox 1210 3087 1306 3146; x_wconf 90' lang='lat' dir='ltr'><strong>Immo</strong></span> <span class='ocrx_word' id='word_1_241' title='bbox 1329 3087 1497 3147; x_wconf 89' lang='lat' dir='ltr'><strong>tabularum</strong></span> <span class='ocrx_word' id='word_1_242' title='bbox 1516 3089 1670 3148; x_wconf 88' lang='lat' dir='ltr'><strong>dominum</strong></span> 
     </span>
     <span class='ocr_line' id='line_1_25' title="bbox 331 3185 1670 3264; baseline 0.004 -20"><span class='ocrx_word' id='word_1_243' title='bbox 331 3185 451 3246; x_wconf 88' lang='lat' dir='ltr'><strong>laudem</strong></span> <span class='ocrx_word' id='word_1_244' title='bbox 478 3187 536 3244; x_wconf 90' lang='lat' dir='ltr'><strong>sibi</strong></span> <span class='ocrx_word' id='word_1_245' title='bbox 557 3187 711 3264; x_wconf 89' lang='lat' dir='ltr'><strong>peperisse</strong></span> <span class='ocrx_word' id='word_1_246' title='bbox 733 3207 794 3246; x_wconf 92' lang='lat' dir='ltr'><strong>non</strong></span> <span class='ocrx_word' id='word_1_247' title='bbox 815 3189 1004 3246; x_wconf 87' lang='lat' dir='ltr'><strong>interituram</strong></span> <span class='ocrx_word' id='word_1_248' title='bbox 1025 3189 1185 3248; x_wconf 83' lang='lat' dir='ltr'><strong>vindicatis</strong></span> <span class='ocrx_word' id='word_1_249' title='bbox 1207 3190 1245 3248; x_wconf 89' lang='lat' dir='ltr'><strong>iis</strong></span> <span class='ocrx_word' id='word_1_250' title='bbox 1268 3189 1307 3248; x_wconf 86' lang='lat' dir='ltr'><strong>ab</strong></span> <span class='ocrx_word' id='word_1_251' title='bbox 1329 3191 1466 3262; x_wconf 88' lang='lat' dir='ltr'><strong>interitu,</strong></span> <span class='ocrx_word' id='word_1_252' title='bbox 1492 3210 1550 3252; x_wconf 89' lang='lat' dir='ltr'><strong>nec</strong></span> <span class='ocrx_word' id='word_1_253' title='bbox 1573 3193 1670 3251; x_wconf 90' lang='lat' dir='ltr'><strong>minus</strong></span> 
     </span>
     <span class='ocr_line' id='line_1_26' title="bbox 333 3289 1672 3374; baseline 0.003 -26"><span class='ocrx_word' id='word_1_254' title='bbox 333 3289 409 3348; x_wconf 89' lang='lat' dir='ltr'><strong>bene</strong></span> <span class='ocrx_word' id='word_1_255' title='bbox 436 3289 583 3348; x_wconf 85' lang='lat' dir='ltr'><strong>meruisse</strong></span> <span class='ocrx_word' id='word_1_256' title='bbox 608 3289 645 3348; x_wconf 91' lang='lat' dir='ltr'><strong>de</strong></span> <span class='ocrx_word' id='word_1_257' title='bbox 672 3290 745 3348; x_wconf 90' lang='lat' dir='ltr'><strong>orbe</strong></span> <span class='ocrx_word' id='word_1_258' title='bbox 770 3291 937 3349; x_wconf 88' lang='lat' dir='ltr'><strong>litterarum</strong></span> <span class='ocrx_word' id='word_1_259' title='bbox 965 3291 1104 3350; x_wconf 79' lang='lat' dir='ltr'><strong>universo</strong></span> <span class='ocrx_word' id='word_1_260' title='bbox 1131 3291 1274 3350; x_wconf 89' lang='lat' dir='ltr'><strong>editorem</strong></span> <span class='ocrx_word' id='word_1_261' title='bbox 1298 3301 1386 3350; x_wconf 87' lang='lat' dir='ltr'><strong>antea</strong></span> <span class='ocrx_word' id='word_1_262' title='bbox 1406 3311 1528 3370; x_wconf 90' lang='lat' dir='ltr'><strong>quoqne</strong></span> <span class='ocrx_word' id='word_1_263' title='bbox 1549 3304 1672 3374; x_wconf 89' lang='lat' dir='ltr'><strong>propter</strong></span> 
     </span>
     <span class='ocr_line' id='line_1_27' title="bbox 333 3391 1672 3472; baseline 0.004 -24"><span class='ocrx_word' id='word_1_264' title='bbox 333 3391 445 3450; x_wconf 88' lang='lat' dir='ltr'><strong>similia</strong></span> <span class='ocrx_word' id='word_1_265' title='bbox 472 3391 619 3450; x_wconf 87' lang='lat' dir='ltr'><strong>beneficia</strong></span> <span class='ocrx_word' id='word_1_266' title='bbox 644 3393 725 3467; x_wconf 91' lang='lat' dir='ltr'><strong>apud</strong></span> <span class='ocrx_word' id='word_1_267' title='bbox 752 3409 822 3452; x_wconf 86' lang='lat' dir='ltr'><strong>suos</strong></span> <span class='ocrx_word' id='word_1_268' title='bbox 849 3403 1031 3469; x_wconf 88' lang='lat' dir='ltr'><strong>exterosque</strong></span> <span class='ocrx_word' id='word_1_269' title='bbox 1058 3393 1164 3452; x_wconf 90' lang='lat' dir='ltr'><strong>merito</strong></span> <span class='ocrx_word' id='word_1_270' title='bbox 1186 3393 1365 3454; x_wconf 88' lang='lat' dir='ltr'><strong>celebratum</strong></span> <span class='ocrx_word' id='word_1_271' title='bbox 1388 3405 1474 3472; x_wconf 85' lang='lat' dir='ltr'><strong>grato</strong></span> <span class='ocrx_word' id='word_1_272' title='bbox 1496 3397 1601 3456; x_wconf 89' lang='lat' dir='ltr'><strong>animo</strong></span> <span class='ocrx_word' id='word_1_273' title='bbox 1624 3415 1672 3472; x_wconf 88' lang='lat' dir='ltr'><strong>ag·</strong></span> 
     </span>
     <span class='ocr_line' id='line_1_28' title="bbox 332 3493 1670 3574; baseline 0.004 -22"><span class='ocrx_word' id='word_1_274' title='bbox 332 3501 458 3552; x_wconf 88' lang='lat' dir='ltr'><strong>noscent</strong></span> <span class='ocrx_word' id='word_1_275' title='bbox 484 3493 655 3572; x_wconf 89' lang='lat' dir='ltr'><strong>quicunqne</strong></span> <span class='ocrx_word' id='word_1_276' title='bbox 681 3505 874 3554; x_wconf 86' lang='lat' dir='ltr'><strong>monumenta</strong></span> <span class='ocrx_word' id='word_1_277' title='bbox 899 3495 975 3554; x_wconf 88' lang='lat' dir='ltr'><strong>haec</strong></span> <span class='ocrx_word' id='word_1_278' title='bbox 999 3495 1131 3572; x_wconf 82' lang='lat' dir='ltr'><strong>insignia</strong></span> <span class='ocrx_word' id='word_1_279' title='bbox 1155 3497 1186 3554; x_wconf 92' lang='lat' dir='ltr'><strong>in</strong></span> <span class='ocrx_word' id='word_1_280' title='bbox 1212 3497 1309 3557; x_wconf 90' lang='lat' dir='ltr'><strong>lucem</strong></span> <span class='ocrx_word' id='word_1_281' title='bbox 1336 3497 1487 3574; x_wconf 90' lang='lat' dir='ltr'><strong>prodiisse</strong></span> <span class='ocrx_word' id='word_1_282' title='bbox 1513 3501 1670 3560; x_wconf 89' lang='lat' dir='ltr'><strong>nobiscum</strong></span> 
     </span>
     <span class='ocr_line' id='line_1_29' title="bbox 332 3579 818 3672; baseline 0.01 -20"><span class='ocrx_word' id='word_1_283' title='bbox 332 3594 514 3672; x_wconf 76' lang='lat' dir='ltr'><strong>gaudebunt.</strong></span> <span class='ocrx_word' id='word_1_284' title='bbox 816 3579 818 3586; x_wconf 33' lang='grc' dir='ltr'>Ι</span> 
     </span>
    </p>

    <p class='ocr_par' dir='ltr' id='par_1_6' title="bbox 332 3697 1672 3982">
     <span class='ocr_line' id='line_1_30' title="bbox 415 3697 1672 3779; baseline 0.006 -23"><span class='ocrx_word' id='word_1_285' title='bbox 415 3697 523 3756; x_wconf 88' lang='lat' dir='ltr'><strong>Prodit</strong></span> <span class='ocrx_word' id='word_1_286' title='bbox 544 3699 628 3761; x_wconf 86' lang='lat' dir='ltr'><strong>infra</strong></span> <span class='ocrx_word' id='word_1_287' title='bbox 649 3706 750 3757; x_wconf 87' lang='lat' dir='ltr'><strong>textus</strong></span> <span class='ocrx_word' id='word_1_288' title='bbox 773 3717 791 3756; x_wconf 88' lang='lat' dir='ltr'><strong>a</strong></span> <span class='ocrx_word' id='word_1_289' title='bbox 812 3699 1014 3774; x_wconf 79' lang='lat' dir='ltr'><strong>Mommseno‚</strong></span> <span class='ocrx_word' id='word_1_290' title='bbox 1041 3701 1085 3758; x_wconf 87' lang='lat' dir='ltr'><strong>nti</strong></span> <span class='ocrx_word' id='word_1_291' title='bbox 1105 3719 1162 3779; x_wconf 89' lang='lat' dir='ltr'><strong>par</strong></span> <span class='ocrx_word' id='word_1_292' title='bbox 1183 3709 1262 3774; x_wconf 86' lang='lat' dir='ltr'><strong>erat,</strong></span> <span class='ocrx_word' id='word_1_293' title='bbox 1290 3701 1471 3762; x_wconf 87' lang='lat' dir='ltr'><strong>constitutas</strong></span> <span class='ocrx_word' id='word_1_294' title='bbox 1497 3723 1566 3763; x_wconf 90' lang='lat' dir='ltr'><strong>curn</strong></span> <span class='ocrx_word' id='word_1_295' title='bbox 1590 3705 1672 3763; x_wconf 81' lang='lat' dir='ltr'><strong>brevi</strong></span> 
     </span>
     <span class='ocr_line' id='line_1_31' title="bbox 332 3800 1672 3878; baseline 0.004 -20"><span class='ocrx_word' id='word_1_296' title='bbox 332 3800 397 3858; x_wconf 90' lang='lat' dir='ltr'><strong>eius</strong></span> <span class='ocrx_word' id='word_1_297' title='bbox 423 3801 651 3872; x_wconf 78' lang='lat' dir='ltr'><strong>commentari03</strong></span> <span class='ocrx_word' id='word_1_298' title='bbox 679 3817 735 3878; x_wconf 87' lang='lat' dir='ltr'><strong>ego</strong></span> <span class='ocrx_word' id='word_1_299' title='bbox 762 3819 860 3878; x_wconf 89' lang='lat' dir='ltr'><strong>pauca</strong></span> <span class='ocrx_word' id='word_1_300' title='bbox 886 3801 1043 3862; x_wconf 83' lang='lat' dir='ltr'><strong>additurus</strong></span> <span class='ocrx_word' id='word_1_301' title='bbox 1070 3821 1138 3862; x_wconf 90' lang='lat' dir='ltr'><strong>sum</strong></span> <span class='ocrx_word' id='word_1_302' title='bbox 1166 3803 1203 3863; x_wconf 92' lang='lat' dir='ltr'><strong>de</strong></span> <span class='ocrx_word' id='word_1_303' title='bbox 1228 3804 1325 3864; x_wconf 88' lang='lat' dir='ltr'><strong>forma</strong></span> <span class='ocrx_word' id='word_1_304' title='bbox 1350 3805 1518 3866; x_wconf 86' lang='lat' dir='ltr'><strong>tabularum</strong></span> <span class='ocrx_word' id='word_1_305' title='bbox 1547 3819 1672 3867; x_wconf 89' lang='lat' dir='ltr'><strong>externa</strong></span> 
     </span>
     <span class='ocr_line' id='line_1_32' title="bbox 332 3903 674 3982; baseline 0.009 -23"><span class='ocrx_word' id='word_1_306' title='bbox 332 3920 496 3980; x_wconf 89' lang='lat' dir='ltr'><strong>earumque</strong></span> <span class='ocrx_word' id='word_1_307' title='bbox 518 3903 674 3982; x_wconf 89' lang='lat' dir='ltr'><strong>scriptura.</strong></span> 
     </span>
    </p>

    <p class='ocr_par' dir='ltr' id='par_1_7' title="bbox 332 3994 1672 4991">
     <span class='ocr_line' id='line_1_33' title="bbox 417 3994 1671 4090; baseline 0.007 -29"><span class='ocrx_word' id='word_1_308' title='bbox 417 4002 554 4064; x_wconf 88' lang='lat' dir='ltr'><strong>Tabulae</strong></span> <span class='ocrx_word' id='word_1_309' title='bbox 576 4015 647 4064; x_wconf 87' lang='lat' dir='ltr'><strong>sunt</strong></span> <span class='ocrx_word' id='word_1_310' title='bbox 669 4015 741 4076; x_wconf 89' lang='lat' dir='ltr'><strong>tres,</strong></span> <span class='ocrx_word' id='word_1_311' title='bbox 762 4023 891 4082; x_wconf 88' lang='lat' dir='ltr'><strong>quarum</strong></span> <span class='ocrx_word' id='word_1_312' title='bbox 913 4007 1011 4084; x_wconf 88' lang='lat' dir='ltr'><strong>prima</strong></span> <span class='ocrx_word' id='word_1_313' title='bbox 1031 4007 1118 4086; x_wconf 86' lang='lat' dir='ltr'><strong>larga</strong></span> <span class='ocrx_word' id='word_1_314' title='bbox 1138 4021 1185 4068; x_wconf 86' lang='lat' dir='ltr'><strong>est</strong></span> <span class='ocrx_word' id='word_1_315' title='bbox 1207 4027 1244 4070; x_wconf 88' lang='lat' dir='ltr'><strong>m.</strong></span> <span class='ocrx_word' id='word_1_316' title='bbox 1261 4010 1377 4082; x_wconf 77' lang='lat'><strong>0.9314‚</strong></span> <span class='ocrx_word' id='word_1_317' title='bbox 1399 3994 1461 4070; x_wconf 85' lang='lat' dir='ltr'><strong>alta</strong></span> <span class='ocrx_word' id='word_1_318' title='bbox 1482 4012 1591 4090; x_wconf 88' lang='lat' dir='ltr'><strong>paullo</strong></span> <span class='ocrx_word' id='word_1_319' title='bbox 1605 4013 1671 4090; x_wconf 91' lang='lat' dir='ltr'><strong>plus</strong></span> 
     </span>
     <span class='ocr_line' id='line_1_34' title="bbox 334 4105 1672 4188; baseline 0.009 -25"><span class='ocrx_word' id='word_1_320' title='bbox 334 4105 416 4178; x_wconf 85' lang='lat'><strong>0.59,</strong></span> <span class='ocrx_word' id='word_1_321' title='bbox 441 4106 572 4165; x_wconf 88' lang='lat' dir='ltr'><strong>secunda</strong></span> <span class='ocrx_word' id='word_1_322' title='bbox 591 4107 677 4184; x_wconf 85' lang='lat' dir='ltr'><strong>larga</strong></span> <span class='ocrx_word' id='word_1_323' title='bbox 698 4107 782 4179; x_wconf 70' lang='lat' dir='ltr'><strong>oss,</strong></span> <span class='ocrx_word' id='word_1_324' title='bbox 804 4109 867 4166; x_wconf 89' lang='lat' dir='ltr'><strong>alta</strong></span> <span class='ocrx_word' id='word_1_325' title='bbox 888 4108 970 4182; x_wconf 82' lang='grc'>0.59,</span> <span class='ocrx_word' id='word_1_326' title='bbox 993 4109 1081 4168; x_wconf 91' lang='lat' dir='ltr'><strong>tertia</strong></span> <span class='ocrx_word' id='word_1_327' title='bbox 1101 4111 1187 4188; x_wconf 85' lang='lat' dir='ltr'><strong>larga</strong></span> <span class='ocrx_word' id='word_1_328' title='bbox 1209 4111 1323 4186; x_wconf 77' lang='lat' dir='ltr'><strong>0.93tt‚</strong></span> <span class='ocrx_word' id='word_1_329' title='bbox 1346 4113 1407 4171; x_wconf 87' lang='lat' dir='ltr'><strong>alta</strong></span> <span class='ocrx_word' id='word_1_330' title='bbox 1422 4114 1509 4186; x_wconf 81' lang='lat'><strong>0.60;</strong></span> <span class='ocrx_word' id='word_1_331' title='bbox 1533 4115 1672 4174; x_wconf 83' lang='lat' dir='ltr'><strong>ridentur</strong></span> 
     </span>
     <span class='ocr_line' id='line_1_35' title="bbox 332 4207 1672 4294; baseline 0.008 -31"><span class='ocrx_word' id='word_1_332' title='bbox 332 4207 425 4283; x_wconf 84' lang='lat' dir='ltr'><strong>igitur</strong></span> <span class='ocrx_word' id='word_1_333' title='bbox 451 4227 556 4268; x_wconf 89' lang='lat' dir='ltr'><strong>omnes</strong></span> <span class='ocrx_word' id='word_1_334' title='bbox 583 4209 654 4268; x_wconf 90' lang='lat' dir='ltr'><strong>olim</strong></span> <span class='ocrx_word' id='word_1_335' title='bbox 677 4227 737 4268; x_wconf 86' lang='lat' dir='ltr'><strong>uno</strong></span> <span class='ocrx_word' id='word_1_336' title='bbox 759 4211 864 4269; x_wconf 88' lang='lat' dir='ltr'><strong>ordine</strong></span> <span class='ocrx_word' id='word_1_337' title='bbox 886 4211 1004 4286; x_wconf 88' lang='lat' dir='ltr'><strong>publice</strong></span> <span class='ocrx_word' id='word_1_338' title='bbox 1025 4213 1183 4288; x_wconf 84' lang='lat' dir='ltr'><strong>expositae</strong></span> <span class='ocrx_word' id='word_1_339' title='bbox 1205 4214 1308 4273; x_wconf 90' lang='lat' dir='ltr'><strong>luisse.</strong></span> <span class='ocrx_word' id='word_1_340' title='bbox 1352 4213 1482 4276; x_wconf 89' lang='lat' dir='ltr'><strong>Ordines</strong></span> <span class='ocrx_word' id='word_1_341' title='bbox 1504 4218 1672 4294; x_wconf 86' lang='lat' dir='ltr'><strong>scripturae</strong></span> 
     </span>
     <span class='ocr_line' id='line_1_36' title="bbox 332 4308 1671 4387; baseline 0.008 -22"><span class='ocrx_word' id='word_1_342' title='bbox 332 4308 431 4384; x_wconf 89' lang='lat' dir='ltr'><strong>prima</strong></span> <span class='ocrx_word' id='word_1_343' title='bbox 451 4309 555 4368; x_wconf 89' lang='lat' dir='ltr'><strong>tabula</strong></span> <span class='ocrx_word' id='word_1_344' title='bbox 575 4311 666 4370; x_wconf 90' lang='lat' dir='ltr'><strong>habet</strong></span> <span class='ocrx_word' id='word_1_345' title='bbox 687 4319 747 4370; x_wconf 88' lang='lat' dir='ltr'><strong>tres</strong></span> <span class='ocrx_word' id='word_1_346' title='bbox 770 4331 909 4370; x_wconf 84' lang='lat' dir='ltr'><strong>versuum</strong></span> <span class='ocrx_word' id='word_1_347' title='bbox 932 4312 971 4370; x_wconf 83' lang='lat'><strong>34</strong></span> <span class='ocrx_word' id='word_1_348' title='bbox 994 4321 1024 4370; x_wconf 89' lang='lat' dir='ltr'><strong>et</strong></span> <span class='ocrx_word' id='word_1_349' title='bbox 1045 4311 1084 4372; x_wconf 89' lang='lat'><strong>36</strong></span> <span class='ocrx_word' id='word_1_350' title='bbox 1100 4324 1130 4373; x_wconf 93' lang='lat' dir='ltr'><strong>et</strong></span> <span class='ocrx_word' id='word_1_351' title='bbox 1146 4314 1195 4387; x_wconf 83' lang='lat'><strong>37,</strong></span> <span class='ocrx_word' id='word_1_352' title='bbox 1222 4315 1353 4376; x_wconf 90' lang='lat' dir='ltr'><strong>secunda</strong></span> <span class='ocrx_word' id='word_1_353' title='bbox 1374 4317 1450 4376; x_wconf 90' lang='lat' dir='ltr'><strong>dnos</strong></span> <span class='ocrx_word' id='word_1_354' title='bbox 1473 4337 1617 4378; x_wconf 79' lang='lat' dir='ltr'><strong>versuum</strong></span> <span class='ocrx_word' id='word_1_355' title='bbox 1634 4317 1671 4378; x_wconf 83' lang='grc'><strong>36</strong></span> 
     </span>
     <span class='ocr_line' id='line_1_37' title="bbox 333 4409 1670 4486; baseline 0.007 -20"><span class='ocrx_word' id='word_1_356' title='bbox 333 4421 363 4468; x_wconf 88' lang='lat' dir='ltr'><strong>et</strong></span> <span class='ocrx_word' id='word_1_357' title='bbox 385 4409 435 4482; x_wconf 75' lang='lat'><strong>37,</strong></span> <span class='ocrx_word' id='word_1_358' title='bbox 457 4412 546 4470; x_wconf 88' lang='lat' dir='ltr'><strong>tertia</strong></span> <span class='ocrx_word' id='word_1_359' title='bbox 566 4423 628 4472; x_wconf 89' lang='lat' dir='ltr'><strong>tres</strong></span> <span class='ocrx_word' id='word_1_360' title='bbox 651 4431 810 4471; x_wconf 85' lang='lat' dir='ltr'><strong>versunum</strong></span> <span class='ocrx_word' id='word_1_361' title='bbox 833 4414 873 4472; x_wconf 79' lang='lat'><strong>48</strong></span> <span class='ocrx_word' id='word_1_362' title='bbox 889 4423 919 4471; x_wconf 90' lang='lat' dir='ltr'><strong>et</strong></span> <span class='ocrx_word' id='word_1_363' title='bbox 934 4413 972 4472; x_wconf 79' lang='lat'><strong>52</strong></span> <span class='ocrx_word' id='word_1_364' title='bbox 988 4423 1018 4473; x_wconf 91' lang='lat' dir='ltr'><strong>et</strong></span> <span class='ocrx_word' id='word_1_365' title='bbox 1036 4415 1086 4486; x_wconf 74' lang='lat'><strong>473</strong></span> <span class='ocrx_word' id='word_1_366' title='bbox 1108 4417 1140 4475; x_wconf 93' lang='lat' dir='ltr'><strong>in</strong></span> <span class='ocrx_word' id='word_1_367' title='bbox 1155 4417 1211 4476; x_wconf 88' lang='lat' dir='ltr'><strong>hac</strong></span> <span class='ocrx_word' id='word_1_368' title='bbox 1226 4419 1348 4477; x_wconf 91' lang='lat' dir='ltr'><strong>secundi</strong></span> <span class='ocrx_word' id='word_1_369' title='bbox 1364 4419 1477 4478; x_wconf 91' lang='lat' dir='ltr'><strong>ordinis</strong></span> <span class='ocrx_word' id='word_1_370' title='bbox 1500 4439 1528 4478; x_wconf 85' lang='lat' dir='ltr'><strong>v.</strong></span> <span class='ocrx_word' id='word_1_371' title='bbox 1545 4419 1670 4479; x_wconf 80' lang='lat'><strong>32-52</strong></span> 
     </span>
     <span class='ocr_line' id='line_1_38' title="bbox 332 4513 1670 4600; baseline 0.01 -33"><span class='ocrx_word' id='word_1_372' title='bbox 332 4519 362 4568; x_wconf 91' lang='lat' dir='ltr'><strong>et</strong></span> <span class='ocrx_word' id='word_1_373' title='bbox 384 4513 464 4571; x_wconf 90' lang='lat' dir='ltr'><strong>tertii</strong></span> <span class='ocrx_word' id='word_1_374' title='bbox 486 4534 514 4572; x_wconf 83' lang='lat' dir='ltr'><strong>v.</strong></span> <span class='ocrx_word' id='word_1_375' title='bbox 533 4515 632 4573; x_wconf 86' lang='lat'>1-13</span> <span class='ocrx_word' id='word_1_376' title='bbox 662 4516 779 4572; x_wconf 88' lang='lat' dir='ltr'><strong>exarati</strong></span> <span class='ocrx_word' id='word_1_377' title='bbox 801 4523 872 4574; x_wconf 90' lang='lat' dir='ltr'><strong>sunt</strong></span> <span class='ocrx_word' id='word_1_378' title='bbox 893 4516 1004 4575; x_wconf 85' lang='lat' dir='ltr'><strong>litteris</strong></span> <span class='ocrx_word' id='word_1_379' title='bbox 1026 4517 1204 4578; x_wconf 90' lang='lat' dir='ltr'><strong>minoribus.</strong></span> <span class='ocrx_word' id='word_1_380' title='bbox 1247 4518 1366 4579; x_wconf 87' lang='lat' dir='ltr'><strong>Tabula</strong></span> <span class='ocrx_word' id='word_1_381' title='bbox 1387 4522 1521 4582; x_wconf 87' lang='lat' dir='ltr'><strong>secunda</strong></span> <span class='ocrx_word' id='word_1_382' title='bbox 1542 4523 1670 4600; x_wconf 89' lang='lat' dir='ltr'><strong>primam</strong></span> 
     </span>
     <span class='ocr_line' id='line_1_39' title="bbox 332 4613 1671 4703; baseline 0.009 -32"><span class='ocrx_word' id='word_1_383' title='bbox 332 4613 499 4686; x_wconf 88' lang='lat' dir='ltr'><strong>continuat;</strong></span> <span class='ocrx_word' id='word_1_384' title='bbox 522 4615 601 4674; x_wconf 90' lang='lat' dir='ltr'><strong>inter</strong></span> <span class='ocrx_word' id='word_1_385' title='bbox 623 4617 785 4676; x_wconf 87' lang='lat' dir='ltr'><strong>secundam</strong></span> <span class='ocrx_word' id='word_1_386' title='bbox 807 4619 984 4694; x_wconf 87' lang='lat' dir='ltr'><strong>tertiamque</strong></span> <span class='ocrx_word' id='word_1_387' title='bbox 1006 4619 1110 4678; x_wconf 89' lang='lat' dir='ltr'><strong>tabula</strong></span> <span class='ocrx_word' id='word_1_388' title='bbox 1131 4639 1191 4680; x_wconf 88' lang='lat' dir='ltr'><strong>una</strong></span> <span class='ocrx_word' id='word_1_389' title='bbox 1212 4621 1354 4698; x_wconf 83' lang='lat' dir='ltr'><strong>pluresve</strong></span> <span class='ocrx_word' id='word_1_390' title='bbox 1375 4623 1560 4688; x_wconf 84' lang='lat' dir='ltr'><strong>exciderunt.</strong></span> <span class='ocrx_word' id='word_1_391' title='bbox 1598 4626 1671 4703; x_wconf 89' lang='lat' dir='ltr'><strong>Ipsa</strong></span> 
     </span>
     <span class='ocr_line' id='line_1_40' title="bbox 332 4716 1672 4805; baseline 0.01 -32"><span class='ocrx_word' id='word_1_392' title='bbox 332 4733 403 4774; x_wconf 83' lang='lat' dir='ltr'><strong>aera</strong></span> <span class='ocrx_word' id='word_1_393' title='bbox 428 4716 545 4794; x_wconf 84' lang='lat' dir='ltr'><strong>integra</strong></span> <span class='ocrx_word' id='word_1_394' title='bbox 570 4717 633 4777; x_wconf 82' lang='lat' dir='ltr'><strong>iere</strong></span> <span class='ocrx_word' id='word_1_395' title='bbox 659 4717 698 4775; x_wconf 89' lang='lat' dir='ltr'><strong>ad</strong></span> <span class='ocrx_word' id='word_1_396' title='bbox 724 4737 780 4777; x_wconf 88' lang='lat' dir='ltr'><strong>nos</strong></span> <span class='ocrx_word' id='word_1_397' title='bbox 806 4732 1021 4797; x_wconf 82' lang='lat' dir='ltr'><strong>pervenerunt3</strong></span> <span class='ocrx_word' id='word_1_398' title='bbox 1049 4741 1117 4781; x_wconf 89' lang='lat' dir='ltr'><strong>nam</strong></span> <span class='ocrx_word' id='word_1_399' title='bbox 1144 4724 1176 4782; x_wconf 88' lang='lat' dir='ltr'><strong>in</strong></span> <span class='ocrx_word' id='word_1_400' title='bbox 1197 4724 1264 4782; x_wconf 89' lang='lat' dir='ltr'><strong>solo</strong></span> <span class='ocrx_word' id='word_1_401' title='bbox 1291 4726 1379 4784; x_wconf 86' lang='lat' dir='ltr'><strong>tertio</strong></span> <span class='ocrx_word' id='word_1_402' title='bbox 1407 4725 1553 4786; x_wconf 86' lang='lat' dir='ltr'><strong>elementa</strong></span> <span class='ocrx_word' id='word_1_403' title='bbox 1581 4747 1672 4805; x_wconf 88' lang='lat' dir='ltr'><strong>quae·</strong></span> 
     </span>
     <span class='ocr_line' id='line_1_41' title="bbox 332 4817 1671 4907; baseline 0.008 -31"><span class='ocrx_word' id='word_1_404' title='bbox 332 4817 401 4877; x_wconf 90' lang='lat' dir='ltr'><strong>dam</strong></span> <span class='ocrx_word' id='word_1_405' title='bbox 423 4819 453 4877; x_wconf 89' lang='lat' dir='ltr'><strong>in</strong></span> <span class='ocrx_word' id='word_1_406' title='bbox 475 4819 608 4879; x_wconf 86' lang='lat' dir='ltr'><strong>fractura</strong></span> <span class='ocrx_word' id='word_1_407' title='bbox 629 4820 782 4898; x_wconf 88' lang='lat' dir='ltr'><strong>perierunt</strong></span> <span class='ocrx_word' id='word_1_408' title='bbox 801 4823 932 4882; x_wconf 86' lang='lat' dir='ltr'><strong>maxime</strong></span> <span class='ocrx_word' id='word_1_409' title='bbox 951 4825 982 4882; x_wconf 92' lang='lat' dir='ltr'><strong>in</strong></span> <span class='ocrx_word' id='word_1_410' title='bbox 998 4824 1105 4883; x_wconf 86' lang='lat' dir='ltr'><strong>mediis</strong></span> <span class='ocrx_word' id='word_1_411' title='bbox 1121 4825 1260 4886; x_wconf 86' lang='lat' dir='ltr'><strong>versibus</strong></span> <span class='ocrx_word' id='word_1_412' title='bbox 1276 4826 1304 4900; x_wconf 83' lang='lat'><strong>7,</strong></span> <span class='ocrx_word' id='word_1_413' title='bbox 1320 4825 1443 4888; x_wconf 77' lang='lat'><strong>42-52</strong></span> <span class='ocrx_word' id='word_1_414' title='bbox 1466 4831 1671 4907; x_wconf 87' lang='lat' dir='ltr'><strong>extremisque</strong></span> 
     </span>
     <span class='ocr_line' id='line_1_42' title="bbox 333 4919 512 4991; baseline 0.006 -13"><span class='ocrx_word' id='word_1_415' title='bbox 333 4919 363 4991; x_wconf 89' lang='grc'><strong>8,</strong></span> <span class='ocrx_word' id='word_1_416' title='bbox 379 4919 512 4980; x_wconf 84' lang='grc'>44-47,</span> 
     </span>
    </p>

    <p class='ocr_par' dir='ltr' id='par_1_8' title="bbox 331 5022 1670 5414">
     <span class='ocr_line' id='line_1_43' title="bbox 415 5022 1670 5110; baseline 0.01 -29"><span class='ocrx_word' id='word_1_417' title='bbox 415 5022 550 5082; x_wconf 87' lang='lat' dir='ltr'><strong>Tabulas</strong></span> <span class='ocrx_word' id='word_1_418' title='bbox 576 5025 704 5102; x_wconf 87' lang='lat' dir='ltr'><strong>primam</strong></span> <span class='ocrx_word' id='word_1_419' title='bbox 729 5034 761 5083; x_wconf 88' lang='lat' dir='ltr'><strong>et</strong></span> <span class='ocrx_word' id='word_1_420' title='bbox 785 5026 910 5086; x_wconf 83' lang='lat' dir='ltr'><strong>alteram</strong></span> <span class='ocrx_word' id='word_1_421' title='bbox 938 5049 1026 5087; x_wconf 88' lang='lat' dir='ltr'><strong>unam</strong></span> <span class='ocrx_word' id='word_1_422' title='bbox 1052 5029 1124 5088; x_wconf 90' lang='lat' dir='ltr'><strong>olim</strong></span> <span class='ocrx_word' id='word_1_423' title='bbox 1152 5029 1288 5090; x_wconf 86' lang='lat' dir='ltr'><strong>effecisse</strong></span> <span class='ocrx_word' id='word_1_424' title='bbox 1315 5031 1447 5090; x_wconf 82' lang='lat' dir='ltr'><strong>fractura</strong></span> <span class='ocrx_word' id='word_1_425' title='bbox 1470 5033 1538 5110; x_wconf 87' lang='lat' dir='ltr'><strong>ipsa</strong></span> <span class='ocrx_word' id='word_1_426' title='bbox 1559 5033 1670 5110; x_wconf 84' lang='lat' dir='ltr'><strong>margi-</strong></span> 
     </span>
     <span class='ocr_line' id='line_1_44' title="bbox 332 5124 1669 5213; baseline 0.011 -34"><span class='ocrx_word' id='word_1_427' title='bbox 332 5141 411 5182; x_wconf 62' lang='lat' dir='ltr'><strong>num,</strong></span> <span class='ocrx_word' id='word_1_428' title='bbox 431 5124 546 5184; x_wconf 83' lang='lat' dir='ltr'><strong>dexteri</strong></span> <span class='ocrx_word' id='word_1_429' title='bbox 573 5126 699 5186; x_wconf 87' lang='lat' dir='ltr'><strong>alterius</strong></span> <span class='ocrx_word' id='word_1_430' title='bbox 726 5127 909 5205; x_wconf 85' lang='lat' dir='ltr'><strong>alteriusque</strong></span> <span class='ocrx_word' id='word_1_431' title='bbox 934 5129 1014 5189; x_wconf 87' lang='lat' dir='ltr'><strong>laevi</strong></span> <span class='ocrx_word' id='word_1_432' title='bbox 1042 5131 1127 5189; x_wconf 89' lang='lat' dir='ltr'><strong>docet</strong></span> <span class='ocrx_word' id='word_1_433' title='bbox 1154 5132 1198 5190; x_wconf 87' lang='lat' dir='ltr'><strong>ita</strong></span> <span class='ocrx_word' id='word_1_434' title='bbox 1225 5143 1256 5190; x_wconf 90' lang='lat' dir='ltr'><strong>nt</strong></span> <span class='ocrx_word' id='word_1_435' title='bbox 1282 5151 1301 5190; x_wconf 88' lang='lat' dir='ltr'><strong>a</strong></span> <span class='ocrx_word' id='word_1_436' title='bbox 1322 5133 1474 5213; x_wconf 87' lang='lat' dir='ltr'><strong>Berlanga</strong></span> <span class='ocrx_word' id='word_1_437' title='bbox 1495 5153 1669 5212; x_wconf 87' lang='lat' dir='ltr'><strong>repraesen-</strong></span> 
     </span>
     <span class='ocr_line' id='line_1_45' title="bbox 331 5225 1669 5314; baseline 0.009 -32"><span class='ocrx_word' id='word_1_438' title='bbox 331 5233 412 5283; x_wconf 88' lang='lat' dir='ltr'><strong>tatur</strong></span> <span class='ocrx_word' id='word_1_439' title='bbox 438 5225 573 5302; x_wconf 87' lang='lat' dir='ltr'><strong>(scilicet</strong></span> <span class='ocrx_word' id='word_1_440' title='bbox 599 5229 697 5288; x_wconf 91' lang='lat' dir='ltr'><strong>minor</strong></span> <span class='ocrx_word' id='word_1_441' title='bbox 722 5247 810 5308; x_wconf 91' lang='lat' dir='ltr'><strong>pars,</strong></span> <span class='ocrx_word' id='word_1_442' title='bbox 836 5231 940 5290; x_wconf 86' lang='lat' dir='ltr'><strong>tabula</strong></span> <span class='ocrx_word' id='word_1_443' title='bbox 967 5233 1077 5304; x_wconf 89' lang='lat' dir='ltr'><strong>altera,</strong></span> <span class='ocrx_word' id='word_1_444' title='bbox 1105 5233 1133 5291; x_wconf 84' lang='lat' dir='ltr'><strong>vi</strong></span> <span class='ocrx_word' id='word_1_445' title='bbox 1161 5234 1269 5293; x_wconf 86' lang='lat' dir='ltr'><strong>avulsa</strong></span> <span class='ocrx_word' id='word_1_446' title='bbox 1297 5245 1345 5294; x_wconf 88' lang='lat' dir='ltr'><strong>est</strong></span> <span class='ocrx_word' id='word_1_447' title='bbox 1372 5255 1391 5295; x_wconf 89' lang='lat' dir='ltr'><strong>a</strong></span> <span class='ocrx_word' id='word_1_448' title='bbox 1416 5236 1558 5314; x_wconf 88' lang='lat' dir='ltr'><strong>maiore),</strong></span> <span class='ocrx_word' id='word_1_449' title='bbox 1588 5237 1669 5314; x_wconf 91' lang='lat' dir='ltr'><strong>qnod</strong></span> 
     </span>
     <span class='ocr_line' id='line_1_46' title="bbox 331 5327 1670 5414; baseline 0.009 -28"><span class='ocrx_word' id='word_1_450' title='bbox 331 5327 527 5387; x_wconf 83' lang='lat' dir='ltr'><strong>confirmatur</strong></span> <span class='ocrx_word' id='word_1_451' title='bbox 547 5329 661 5392; x_wconf 86' lang='lat' dir='ltr'><strong>diserto</strong></span> <span class='ocrx_word' id='word_1_452' title='bbox 683 5331 809 5392; x_wconf 89' lang='lat' dir='ltr'><strong>editoris</strong></span> <span class='ocrx_word' id='word_1_453' title='bbox 831 5333 1001 5393; x_wconf 88' lang='lat' dir='ltr'><strong>testimonio</strong></span> <span class='ocrx_word' id='word_1_454' title='bbox 1024 5335 1068 5412; x_wconf 92' lang='lat' dir='ltr'><strong>(p.</strong></span> <span class='ocrx_word' id='word_1_455' title='bbox 1085 5333 1124 5393; x_wconf 84' lang='lat'><strong>35</strong></span> <span class='ocrx_word' id='word_1_456' title='bbox 1147 5334 1215 5394; x_wconf 91' lang='lat' dir='ltr'><strong>libri</strong></span> <span class='ocrx_word' id='word_1_457' title='bbox 1231 5337 1321 5414; x_wconf 87' lang='lat' dir='ltr'><strong>eius).</strong></span> <span class='ocrx_word' id='word_1_458' title='bbox 1356 5337 1477 5398; x_wconf 87' lang='lat' dir='ltr'><strong>Tabula</strong></span> <span class='ocrx_word' id='word_1_459' title='bbox 1496 5340 1588 5398; x_wconf 83' lang='lat' dir='ltr'><strong>tertia</strong></span> <span class='ocrx_word' id='word_1_460' title='bbox 1603 5359 1670 5398; x_wconf 89' lang='lat' dir='ltr'><strong>cum</strong></span> 
     </span>
    </p>
   </div>
   <div class='ocr_carea' id='block_1_5' title="bbox 0 0 1766 6006">
    <p class='ocr_par' dir='ltr' id='par_1_9' title="bbox 0 0 1766 6006">
     <span class='ocr_line' id='line_1_47' title="bbox 0 0 1766 6006; baseline 0 0"><span class='ocrx_word' id='word_1_461' title='bbox 0 0 1766 6006; x_wconf 95' lang='lat' dir='ltr'><strong> </strong></span> 
     </span>
    </p>
   </div>
  </div>
 </body>
</html>
