3504 6004
99 663 190 713 css-coc
477 663 561 715 von.
582 665 595 714 1
620 665 979 726 nurmwssnosnvu.
1309 649 1382 721 209

95 853 135 910 pro
151 843 204 896 toto
223 841 299 898 enim
318 849 420 916 partes
443 855 546 898 omnes
568 849 648 898 recte
669 847 829 916 ponuntur,
851 841 1077 918 compararique
1099 851 1228 920 possunt
1249 844 1386 903 decuriae

22 953 24 976 l
94 938 195 1015 quinque
213 941 338 1000 iudicum
361 950 391 1000 et
412 941 544 1016 equitum
566 941 686 1001 ordines
700 943 935 1018 quattuordecim
958 951 996 1016 et,
1018 962 1096 1020 quae
1117 945 1174 1004 huc
1196 947 1386 1022 potissimum

22 1031 24 1100 s
93 1042 202 1116 pertinet,
221 1045 304 1120 plebs
327 1045 442 1104 urbana
457 1048 579 1121 quicque
601 1054 627 1102 ct
647 1048 763 1120 cipitata
778 1047 899 1104 tribuum
914 1043 1022 1122 (Orell.
1040 1045 1145 1123 3064).
1189 1047 1387 1128 Respublica

92 1162 125 1212 ea,
142 1145 214 1204 ouius
232 1147 351 1206 nomine
373 1147 431 1205 hoc
454 1146 610 1206 vasculum
631 1147 743 1206 factum
765 1156 819 1220 est,
841 1167 909 1208 oum
932 1149 987 1207 sub
1007 1149 1156 1226 praelecto
1177 1149 1276 1222 luerit,
1299 1169 1385 1229 prae·

91 1245 181 1305 lectura
198 1247 282 1308 luerit
302 1267 426 1310 necesse
449 1257 505 1320 est,
538 1259 572 1308 ut
602 1250 724 1308 fuerunt
755 1270 774 1308 a
802 1250 906 1326 quinto
929 1251 1048 1310 saeculo
1081 1251 1118 1310 ad
1141 1251 1252 1311 bellum
1275 1253 1387 1311 sociale

92 1345 168 1406 Fundi
187 1357 214 1408 et
233 1351 372 1411 Formiae
399 1345 527 1410 et'aliae
549 1352 670 1412 multae.
725 1350 811 1424 Quae
833 1371 900 1411 cum
923 1353 1030 1412 civium
1059 1351 1263 1412 Romanorum
1286 1362 1388 1414 essent

90 1448 154 1523 (rim.
173 1451 344 1514 acconen
366 1474 394 1531 p.
411 1454 501 1531 336),
524 1455 598 1513 nihil
626 1455 759 1532 impedit,
785 1456 944 1531 quominus
971 1457 1002 1514 in
1030 1473 1101 1514 suas
1128 1474 1263 1534 quaeque
1291 1459 1386 1517 tribus

92 1552 238 1614 distributae
263 1557 387 1628 suerint,
420 1562 532 1634 pariter
558 1566 649 1634 atque
671 1557 804 1616 colonias
833 1557 941 1616 civium
962 1558 1167 1618 Romanorum
1191 1577 1262 1618 suas
1284 1578 1388 1636 quam·

92 1671 136 1729 que
154 1657 238 1717 tribus
259 1660 403 1718 habuisse
424 1678 519 1738 nuper
540 1660 723 1718 intellectum
746 1669 793 1718 est
815 1658 856 1734 (v.
874 1677 967 1736 supra
981 1679 1010 1738 p.
1025 1659 1109 1738 125).
1153 1661 1274 1721 Primus
1289 1671 1388 1722 autem

89 1756 124 1814 hic
141 1759 234 1819 titulus
255 1769 316 1834 est,
349 1781 436 1838 quem
466 1763 504 1821 ad
537 1764 601 1821 eius
622 1764 741 1839 generis
764 1763 947 1839 praefcctum
981 1763 1176 1840 probabiliter
1196 1765 1322 1837 celeras3
1356 1773 1389 1822 ut

89 1877 241 1940 magnopere
262 1864 424 1923 dolendum
446 1866 486 1924 sit
507 1865 543 1924 de
565 1865 678 1942 origine
700 1865 765 1924 eius
786 1883 846 1924 uon
867 1865 990 1940 liquere.
1014 1899 1049 1908 -
1087 1865 1194 1925 Laeuii
1214 1866 1389 1926 Brundisini

89 1965 209 2036 equestris
249 1968 368 2026 ordines
403 1968 537 2026 homines
577 1975 848 2028 commemorantur
882 1969 963 2044 apud
999 1965 1174 2027 Ciceronem
1208 1967 1388 2027 Varronem-

89 2083 133 2140 quc
151 2067 188 2142 (v.
209 2079 355 2128 onomast.
378 2070 549 2130 Tullianum
572 2089 595 2130 s.
620 2071 675 2147 v.);
698 2069 813 2130 Laenio
834 2071 940 2129 mulier
961 2071 1030 2130 item
1053 2072 1223 2130 nominatur
1244 2073 1275 2130 in
1302 2071 1387 2131 titulo

89 2166 227 2230 Tarentino
248 2171 273 2230 Ι.
285 2171 324 2232 N.
346 2172 416 2232 584.
458 2173 493 2232 In
514 2173 697 2232 nominativo
720 2174 867 2233 secundae
889 2192 903 2232 s
923 2173 1025 2233 littera
1045 2174 1134 2232 modo
1155 2175 1277 2251 ponitur
1298 2174 1387 2232 modo

89 2269 176 2344 delicit,
200 2280 230 2332 ut
254 2279 284 2332 iu
312 2275 408 2335 titulis
428 2274 609 2335 Tusculanis
631 2277 691 2335 vol.
712 2277 727 2334 I
748 2297 777 2336 n.
799 2275 847 2336 64.
865 2277 918 2335 65:
949 2275 991 2334 M.
1015 2277 1123 2336 Foario
1155 2275 1187 2336 G.
1209 2279 1238 2352 s.
1261 2277 1388 2336 tribunos

88 2374 196 2450 miliare,
218 2377 343 2454 aliisque
364 2387 496 2438 remotae
518 2379 686 2439 vetustatis.

22 2795 24 2814 =
90 2840 150 2902 ³00
169 2845 302 2904 columna
321 2861 383 2920 rep.
407 2843 508 2904 Mesae
530 2845 568 2904 ad
590 2843 728 2923 Appiam.

593 2969 622 3024 in
644 2983 752 3025 summa
769 2976 855 3042 parte

219 3050 249 3104 in
270 3047 358 3106 latere
656 3069 800 3128 columnae
1094 3051 1125 3106 in
1147 3047 1235 3104 latere

255 3227 325 3287 unt
519 3213 935 3288 memmio-ru
1164 3225 1195 3282 x

655 3328 797 3390 ovum

156 3453 184 3510 A
202 3451 302 3512 Brizio
323 3452 502 3531 descriptam
524 3452 607 3512 misit
627 3449 751 3510 Henzen
774 3469 801 3510 a.
827 3449 915 3510 1874.

939 3571 944 3578 ·
1052 3550 1111 3610 Tu.
1133 3551 1307 3610 Mounsnu.
