3548 6012
528 631 685 693 stnsr.
706 631 923 684 ououurot..
944 633 968 684 1.
1364 615 1411 685 47

126 731 251 739 -——-
686 734 908 742 ,-.-..-,---.-

332 803 364 860 Ρ.
384 803 509 862 Telonos
524 804 558 864 P.
574 807 613 880 f,
634 805 713 864 Xvir
734 805 863 863 stlitibus
884 805 1052 864 indicandis
1068 805 1217 864 Amiterni
1239 805 1260 862 Ι.
1278 804 1317 864 N.
1334 805 1415 864 5775

412 909 518 966 aetatis
539 916 613 984 puto
635 910 799 984 Augustae.

331 1008 363 1067 P.
382 1009 512 1068 Telanae
533 1009 566 1067 P.
583 1013 611 1086 f.
630 1009 712 1080 Quir.
733 1010 874 1070 Get-inias
896 1008 1040 1082 Latiaris,
1063 1021 1197 1087 quaestor
1219 1012 1279 1070 divi
1297 1009 1414 1082 Claudi,

413 1122 448 1170 tr.
459 1113 515 1187 pl,
527 1131 585 1188 pr,
597 1131 760 1188 perennes
776 1113 894 1170 honores
911 1114 1082 1172 candidatus
1098 1113 1292 1189 Augustorum
1303 1115 1416 1171 Aueiae

410 1213 434 1272 I.
457 1213 497 1272 N.
517 1213 609 1274 5083.
655 1213 742 1274 Vixit
764 1217 790 1274 is
812 1215 905 1292 igitur
926 1214 1118 1292 Vespasiano
1145 1225 1176 1274 et
1197 1215 1331 1275 Traiano
1353 1217 1415 1276 lere

410 1317 636 1394 imperantibus.

329 1416 441 1482 Notum
464 1428 511 1477 est
526 1419 615 1478 telam
631 1416 810 1480 Sabinorum
826 1419 932 1478 collem
952 1421 1115 1496 significari
1122 1441 1131 1494 ;
1155 1420 1222 1479 vide
1236 1421 1416 1480 Mommscui

328 1520 364 1578 de
385 1520 455 1580 dial.
471 1521 509 1580 It.
527 1521 579 1579 inl.
602 1539 631 1598 p.
648 1520 718 1581 243.
755 1521 899 1580 Eiusdem
921 1521 1050 1581 fortasse
1072 1523 1198 1601 originis
1221 1525 1310 1582 etiam
1327 1523 1417 1581 ltlur

332 1623 462 1681 libertas
494 1623 567 1700 (secl
598 1624 730 1701 Tiberis)
760 1624 857 1700 lisola
888 1623 1033 1700 Tifernum
1066 1626 1105 1686 el.
1132 1625 1210 1684 idem
1239 1625 1414 1684 Mommsoui

327 1724 405 1783 uun
426 1725 564 1804 passe.
1473 1713 1480 1727 '

112 1824 268 1886 Tsstmttvs
328 1827 361 1886 P.
382 1828 584 1890 TehcianueO.
601 1829 620 1888 l.
638 1831 722 1888 Felix
743 1829 845 1888 Asculi
864 1829 896 1888 in
911 1828 1023 1888 Piceno
1038 1828 1160 1889 Colucci
1177 1831 1278 1889 Asculi
1297 1851 1325 1909 p.
1346 1831 1413 1890 155.

326 1932 355 1987 A
377 1929 464 1988 Teba
485 1931 574 1989 etiem
597 1931 714 1990 Teletos
740 1931 840 1991 Tebcia
861 1941 1023 2008 potuerunt
1044 1933 1183 1992 derivari.

111 2025 312 2090 'Trsrvrrsuvs
326 2030 364 2090 L.
392 2033 570 2092 Tesiuitanus
596 2033 719 2105 Primio,
747 2035 827 2094 sevir
854 2035 1033 2112 Augustalis
1062 2036 1157 2094 Reate
1185 2035 1415 2107 subrutilus,

410 2135 480 2195 333.

208 2232 210 2236 ’
324 2236 444 2297 Plinius
461 2238 478 2295 3
502 2237 519 2314 ᾗ
538 2239 595 2296 111
615 2238 767 2298 Trumtum
781 2259 843 2298 canc
858 2259 939 2300 amne
961 2283 1026 2312 ...‚
1041 2243 1150 2316 flumen
1166 2239 1285 2312 Albula,
1302 2240 1415 2300 Tessui-

324 2359 391 2398 num
411 2339 469 2415 (ite
483 2339 558 2399 liber
573 2341 741 2413 Parisinus,
761 2341 927 2402 Tsecuinum
942 2343 1094 2402 Heluinam
1109 2341 1268 2402 Leidensis
1283 2343 1415 2401 fortasse

326 2461 365 2500 ex
386 2443 600 2519 dittographis,
626 2445 755 2502 Tereiana
778 2459 830 2503 aut
846 2445 996 2503 Teretinam
1017 2443 1114 2520 vulg.)
1137 2463 1192 2522 quo
1208 2445 1312 2520 finitur
1325 2445 1415 2504 Prac-

326 2548 438 2604 tutiana
464 2550 542 2622 rapio
569 2556 595 2604 et
620 2545 776 2604 Picentium
803 2551 912 2623 incipit.
962 2545 1037 2606 Cum
1064 2547 1200 2606 Terraene
1225 2547 1413 2618 Teriaitanun

325 2647 352 2704 si
380 2657 460 2706 recte
488 2648 629 2719 traditur,
658 2659 760 2724 potest
787 2649 941 2726 componi3
970 2649 1021 2708 sed
1046 2649 1103 2708 fuit
1123 2647 1252 2707 fortasse
1273 2650 1304 2708 in
1326 2648 1415 2706 titulo

324 2749 456 2808 Reatino
482 2751 665 2810 Teecuitanus
688 2770 707 2808 a
728 2761 806 2810 tesca
828 2761 927 2829 tesqua
948 2751 1095 2810 vocabulo
1118 2758 1246 2821 vetusto,
1273 2750 1352 2828 quod
1375 2769 1413 2808 ex

324 2851 453 2910 Horatio
475 2863 577 2912 notum
598 2865 655 2912 est.

334 2953 369 3024 Q.
395 2954 539 3013 Tettianus
566 2955 644 3030 Q.s.
668 2955 792 3016 Stctttto
814 2975 907 3034 prope
930 2956 1101 3015 Peltuinum
1124 2955 1148 3013 Ι.
1165 2953 1203 3013 N.
1219 2955 1310 3014 6078.

327 3054 429 3114 Tettio
449 3075 524 3135 gens
546 3065 632 3128 uota;
656 3058 751 3116 locum
774 3059 912 3118 similiter
933 3059 1044 3118 dictum
1066 3077 1127 3118 nou
1150 3059 1228 3115 novi.

330 3157 464 3216 Titianus
487 3159 625 3220 Silaccter
646 3159 792 3219 Luceriae
814 3161 838 3218 I.
856 3160 896 3221 N.
915 3162 1003 3220 1015.

326 3259 415 3320 Tisia
435 3260 622 3320 Bruttiorum
644 3263 786 3340 oppidum
809 3282 848 3320 ex
871 3263 1068 3340 scriptoribus
1090 3273 1203 3320 notum.

327 3361 370 3420 M.
393 3361 547 3437 Yofclanas
573 3365 703 3425 Catullae
725 3364 869 3440 llibcrtua)
892 3364 1051 3422 Matronae
1074 3363 1253 3441 Augustalis

326 3463 368 3522 Μ.
395 3465 549 3542 Toselanus
572 3466 614 3526 M.
630 3469 659 3540 s.
682 3467 850 3526 Honoratus
871 3465 952 3525 filius
975 3468 1040 3525 eius

326 3567 468 3642 Toselana
490 3567 630 3626 Murrani
657 3568 788 3644 l(il›erta)
813 3570 975 3628 Fortunata
1001 3567 1131 3628 Suessae
1160 3569 1184 3626 Ι.
1204 3567 1244 3628 N.
1266 3567 1345 3626 4041
1375 3587 1413 3626 ex

314 3703 324 3719 ·
409 3669 566 3730 Febrettio
581 3671 652 3742 476,
671 3671 740 3743 133,
762 3671 814 3748 qui
835 3671 939 3730 habuit
960 3691 999 3730 ex
1020 3671 1138 3730 schedis
1160 3669 1345 3730 Borberinis.

326 3771 568 3850 Comparandum
590 3774 719 3833 fortasse
742 3773 880 3832 Tuticum
903 3771 1055 3832 Umbriae.

325 3872 364 3932 L.
391 3875 538 3935 Traianae
565 3877 684 3934 Arabus
710 3874 826 3934 Romae
853 3875 935 3934 Doni
957 3876 992 3947 3,
1012 3876 1067 3947 673
1095 3875 1257 3934 Henzenus
1283 3874 1358 3932 vidit
1384 3875 1414 3932 in

408 3996 514 4038 museo
537 3977 718 4056 Capitolino.
763 3977 821 4036 Est
842 3979 908 4038 aevi
930 3977 1122 4037 Diocletiani.

326 4078 364 4138 L.
381 4079 539 4139 Treblanus
554 4080 592 4139 L.
608 4081 628 4138 l.
644 4081 769 4140 Acastus
791 4098 886 4157 prope
907 4079 1079 4158 Aquileiam
1103 4077 1137 4138 G.
1153 4079 1175 4136 I.
1191 4078 1228 4137 L.
1244 4079 1259 4136 I
1278 4079 1353 4137 1461
1374 4105 1411 4128 =

409 4183 438 4242 V
456 4184 535 4242 1418
558 4182 675 4242 circiter
697 4183 764 4242 aeri
787 4183 927 4259 Augusti.

328 4284 360 4343 Τ.
386 4285 543 4344 ltcllanas
565 4285 705 4343 Merzana
726 4283 796 4360 (sic,
819 4303 985 4361 cognomen
1005 4284 1196 4362 peregrinum
1218 4283 1284 4342 sine
1306 4283 1414 4359 dubio)

408 4387 525 4446 Romae
547 4386 668 4446 Guasco
691 4405 767 4446 mus.
791 4386 866 4464 Gap.
885 4387 961 4458 8983
983 4386 1057 4444 vidit
1078 4383 1251 4445 Henzenus.

324 4487 362 4556 L,
389 4489 569 4548 Trebulauuc
592 4489 756 4567 Pamphilio

324 4590 357 4648 Τ.
381 4591 558 4651 Trebulanar
581 4593 665 4652 Feta

324 4691 367 4751 Μ.
394 4693 582 4770 ΙΙοὸαὶαηῂιε
604 4694 688 4770 ....]
716 4695 746 4752 in
772 4694 860 4754 lastis
881 4693 1000 4772 collegii
1024 4691 1236 4770 Augustalium
1259 4691 1412 4750 cuiusdam

408 4815 447 4854 ex
469 4814 543 4873 agro
565 4795 703 4854 Romano
724 4796 849 4854 Henuen
865 4797 954 4855 7165.

328 4898 359 4954 Τ.
383 4897 561 4958 ttetutanus
586 4898 661 4974 ms.
689 4897 842 4974 Camilia)
862 4897 971 4974 Nepos.

329 4999 359 5057 T.
386 4999 562 5059 licbalanuc
589 5000 622 5059 T.
645 5000 692 5059 lib.
716 4999 815 5078 Nepos
839 4998 1009 5059 sacerdotes
1031 4999 1171 5058 Herculis
1194 4998 1308 5058 Tibure
1330 4997 1413 5058 Heu-

407 5121 463 5161 zen
486 5101 577 5161 6065.

325 5203 367 5261 Μ.
393 5203 572 5263 liclulanos
595 5245 687 5262 .....
711 5201 835 5282 Capuae
858 5203 882 5260 Ι.
899 5202 938 5274 N,
956 5202 1045 5262 3843.

326 5305 489 5366 Trebulano
510 5305 626 5364 lustina
647 5304 810 5365 Beneventi
833 5303 858 5362 Ι.
874 5301 913 5362 N.
933 5303 1021 5362 1400.
1094 5307 1098 5314 “
