3548 6012
360 587 407 660 32
950 599 1101 662 unauna

357 781 583 840 Amnovmvs
684 783 736 854 ait,
757 782 835 841 idem
852 781 942 840 fuerit
956 794 1046 860 atqua
1062 782 1281 856 Albinovanus,
1305 800 1393 860 quem
1409 782 1437 839 in
1455 782 1690 858 interrogatione

687 885 855 961 compellat,
877 885 949 944 mihi
965 885 1082 943 videtur
1103 885 1233 944 dubitari
1249 902 1349 961 posse.
1383 882 1506 944 Certum
1522 893 1622 943 autem
1637 891 1690 956 cst,

687 1005 746 1046 nou
773 997 853 1046 recte
878 988 956 1046 hanc
982 988 1021 1046 ob
1048 1005 1170 1046 causam
1197 989 1287 1046 etiam
1314 971 1351 1045 P.
1380 987 1606 1047 Albinovanum
1629 987 1691 1046 Ma-

686 1089 802 1148 rianum
825 1089 1007 1168 adscriptum
1030 1107 1099 1149 esse
1120 1091 1203 1167 genti
1225 1089 1362 1162 Tulliae3
1389 1100 1424 1148 ut
1443 1089 1579 1150 lecerunt
1600 1089 1689 1148 inter-

685 1201 796 1268 pretes.

604 1293 803 1354 Albinouanus
828 1296 926 1356 Celsus
953 1303 1042 1370 poeta
1062 1295 1182 1354 Horatii
1208 1295 1322 1354 amicus
1350 1295 1393 1354 ita
1419 1305 1500 1354 recto
1522 1295 1692 1354 nomencla-

686 1407 771 1456 turae
798 1395 903 1456 0rdine
929 1407 981 1456 aut
1007 1417 1080 1456 casu
1105 1407 1157 1457 aut
1178 1398 1359 1474 optimorum
1382 1407 1537 1456 auctorum
1558 1397 1619 1454 fide
1641 1417 1691 1474 ap-

685 1499 815 1576 pellatur
842 1519 861 1556 a
881 1499 1091 1577 Porphyrione
1119 1501 1246 1576 aliisque
1274 1499 1446 1558 scholiastis
1472 1499 1511 1556 ad
1532 1499 1690 1576 epistulam

690 1604 716 1674 1,
736 1602 764 1660 8.
808 1601 892 1660 Idem
919 1609 1074 1680 praeterea
1101 1602 1131 1660 in
1154 1602 1285 1680 epistula
1302 1605 1329 1673 1,
1347 1603 1400 1675 13,
1419 1603 1457 1661 15
1479 1601 1558 1660 nudo
1582 1619 1690 1679 cogno·

686 1704 766 1764 mine
781 1701 890 1764 Celsus
913 1703 1032 1774 dicitur3
1056 1703 1170 1763 scholia
1191 1705 1233 1764 ibi
1254 1705 1330 1764 nibil
1345 1706 1496 1783 praebent
1529 1704 1691 1780 Inscriptio

686 1806 835 1883 epistulae
856 1806 967 1883 prioris
989 1807 1020 1865 in
1042 1807 1193 1866 codicibus
1208 1807 1405 1868 deterioribus
1421 1809 1463 1866 ad
1480 1805 1594 1865 Celsum
1611 1805 1691 1863 Aldi-

685 1927 826 1968 nouanam
852 1917 885 1968 ut
906 1928 960 1986 per
981 1927 1014 1968 se
1035 1909 1104 1967 fidei
1127 1916 1174 1968 est
1194 1910 1321 1982 nullius,
1347 1910 1391 1968 ita
1412 1909 1547 1968 ordinem
1569 1927 1691 1967 nomen·

686 2012 818 2072 elaturae
839 2020 941 2089 aperte
964 2011 1132 2088 desumpsit
1152 2031 1192 2072 ex
1213 2012 1362 2090 epistulae
1384 2012 1470 2070 initio

808 2115 889 2174 Celso
909 2115 1034 2190 paudere
1056 2125 1081 2172 et
1102 2115 1169 2172 bena
1190 2134 1247 2173 rem
1267 2134 1365 2191 perere
1386 2113 1577 2174 Albinouano.

686 2217 778 2295 apuu
801 2216 942 2276 ovatum
965 2235 1003 2274 ex
1024 2195 1125 2274 'ronco
1149 2219 1175 2288 1,
1198 2218 1224 2276 a.
1249 2221 1275 2276 1.
1298 2217 1347 2275 41.
1371 2218 1420 2290 44,
1443 2216 1590 2294 siquidem
1613 2215 1691 2273 ruem

686 2339 718 2378 re
741 2339 812 2378 vera
831 2319 995 2392 indicatur,
1022 2319 1092 2378 item
1119 2318 1219 2378 Celsus
1242 2320 1351 2379 dicitur
1373 2319 1557 2398 simpliciter.
1601 2317 1691 2375 Prae·

685 2441 793 2480 nomen
814 2421 979 2500 ignoratur.
1010 2468 1015 2478 .

602 2523 802 2584 Albinovanus
820 2523 899 2582 Pado
921 2533 1012 2601 poeta
1033 2525 1146 2601 epicos,
1169 2523 1219 2600 qui
1242 2524 1292 2584 diu
1315 2525 1447 2584 creditus
1468 2533 1515 2583 est
1537 2523 1690 2602 epicedion

685 2626 780 2687 Drusi
802 2626 1010 2703 composuisse
1032 2626 1085 2702 (ci.
1101 2625 1228 2704 Hauptii
1242 2628 1307 2686 eius
1322 2628 1464 2687 carminis
1479 2627 1571 2685 editio
1592 2647 1623 2704 p.
1640 2625 1689 2699 17)

685 2730 723 2788 ab
739 2727 850 2790 Ovidio
872 2729 967 2788 semel
984 2730 1015 2788 in
1031 2729 1161 2806 epistula
1176 2749 1213 2794 ex
1229 2729 1327 2789 Ponto
1343 2732 1372 2802 4,
1390 2730 1438 2801 10,
1454 2730 1472 2788 4
1497 2730 1588 2806 (quae
1602 2729 1690 2786 etiam

685 2831 830 2908 inscripta
851 2844 898 2890 est
917 2826 1140 2908 ‘Albinovano')
1162 2833 1205 2891 ita
1224 2827 1432 2892 ‘Albinovane’
1454 2832 1639 2910 appellatum
1662 2831 1690 2887 iu
1758 2889 1759 2892 ,

686 2934 790 2992 eadem
813 2933 942 3010 epistula
963 2953 991 2991 v.
1008 2935 1047 2993 65
1069 2933 1150 2992 Pedo
1172 2936 1281 2993 dicitur
1302 2937 1434 3012 itemque
1456 2936 1486 3008 4,
1510 2933 1557 3006 16,
1579 2933 1613 3004 6;
1642 2933 1690 2990 ubi

686 3037 772 3094 iuxta
792 3035 928 3094 Marsum
949 3049 980 3094 et
1000 3035 1157 3096 Rabirium
1179 3037 1372 3096 nominantur
1391 3034 1572 3112 ‘Iliacusque
1591 3037 1692 3094 Macer

688 3140 883 3214 sidereusque
903 3133 1009 3198 Pedo’.
1043 3137 1120 3198 Item
1142 3141 1222 3216 apud
1237 3137 1381 3200 Senecam
1402 3141 1544 3198 maiorem
1568 3157 1603 3197 eo
1626 3138 1691 3195 loco

687 3243 784 3318 (suas.
809 3243 840 3314 1,
864 3241 932 3318 14),
957 3259 1016 3318 quo
1038 3259 1142 3300 versus
1164 3242 1229 3300 eius
1251 3242 1288 3300 de
1310 3242 1498 3318 navigatione
1521 3239 1693 3300 Germanici

686 3345 879 3422 proferuntur
910 3363 1006 3422 nuper
1037 3345 1159 3421 saepius
1185 3346 1304 3404 tractati
1337 3345 1514 3421 (videantur
1539 3341 1691 3418 Hauptius

686 3447 819 3507 Hermae
835 3449 851 3507 3
868 3465 897 3524 p.
911 3443 971 3505 208
980 3463 1032 3518 ss.‚
1053 3445 1204 3522 Bergkius
1219 3448 1250 3505 in
1265 3447 1372 3506 indicis
1386 3465 1485 3506 rerum
1500 3446 1538 3503 ab
1552 3447 1691 3520 Angusto

687 3561 837 3626 gestarum
858 3548 1071 3609 retractatione
1092 3549 1188 3626 pat.
1207 3547 1291 3626 124),
1311 3549 1390 3608 Pado
1406 3549 1514 3608 dicitur
1528 3547 1616 3618 nude,
1640 3545 1691 3604 sed

687 3653 767 3731 apud
793 3653 919 3712 eundem
948 3651 1016 3710 loco
1043 3669 1103 3710 nou
1130 3653 1231 3710 minus
1258 3653 1355 3723 claro,
1381 3652 1433 3727 qui
1455 3661 1502 3710 est
1523 3648 1560 3707 dc
1582 3647 1690 3707 Ovidio

686 3756 805 3814 rhetore
827 3753 977 3834 (controv.
999 3751 1027 3824 2,
1049 3751 1066 3810 2
1088 3752 1153 3828 [10]
1176 3774 1205 3831 p.
1224 3753 1293 3826 180,
1312 3755 1348 3812 16
1371 3753 1486 3813 Kiessl.
1509 3753 1640 3828 itemque
1663 3749 1691 3806 in

687 3857 838 3934 excerptis
861 3876 889 3933 p.
907 3855 977 3930 233,
994 3855 1048 3930 23)
1071 3846 1160 3932 plene
1181 3865 1212 3914 et
1232 3857 1313 3916 iusto
1332 3855 1574 3916 nomenclaturae
1589 3853 1691 3910 ordine

688 3959 888 4019 Albinouanus
900 3958 988 4018 Pedo.
1011 3958 1112 4018 Minor
1125 3957 1239 4019 Seneca
1250 3959 1336 4038 epist.
1352 3957 1421 4030 122,
1436 3959 1473 4018 15
1485 3955 1689 4016 'fabulatorem

687 4055 960 4139 elegantissimum’,
982 4061 1067 4119 cuius
1090 4060 1127 4119 de
1143 4059 1195 4138 Sp.
1211 4061 1341 4138 Papinio
1362 4054 1541 4137 ‘lychnobio'
1563 4058 1689 4136 lepidam

687 4163 941 4226 narratiunculam
968 4163 1072 4236 refert,
1099 4162 1242 4222 Pedonam
1263 4162 1475 4222 Albinovanum
1500 4161 1573 4220 dicit
1597 4169 1691 4218 trans-

687 4267 836 4346 positione
858 4285 931 4326 usus
953 4265 1080 4344 vulgari,
1102 4266 1186 4324 cuius
1208 4266 1267 4322 iam
1290 4265 1370 4341 apud
1384 4263 1549 4322 Varronem
1565 4273 1596 4322 et
1611 4261 1691 4321 Cice·

687 4389 790 4430 ranem
813 4368 951 4447 exempla
973 4377 1078 4427 extant
1099 4385 1159 4426 non
1173 4367 1258 4426 nulla
1280 4367 1334 4444 (ct'.
1348 4366 1528 4426 Mommseni
1543 4365 1690 4443 quaestio·

686 4492 741 4533 nes
764 4473 918 4531 Romanae
940 4473 954 4528 l
979 4489 1009 4547 p.
1025 4471 1061 4530 41
1087 4469 1154 4528 adn.
1172 4469 1236 4546 67),
1259 4469 1312 4528 sed
1334 4469 1422 4546 plura
1441 4469 1512 4528 inde
1534 4487 1554 4526 a
1575 4465 1690 4526 saeculo

686 4577 784 4653 primo
806 4575 1003 4654 reperiuntur.
1037 4569 1211 4648 Cognomen
1234 4571 1330 4631 salum
1352 4571 1484 4630 contenti
1506 4571 1627 4630 luerunt
1640 4585 1689 4644 po-

686 4697 756 4738 nere
778 4677 928 4737 Martialis
948 4674 991 4752 (2,
1008 4675 1058 4747 77,
1074 4675 1107 4752 5)
1131 4673 1336 4748 Quintilianus
1352 4673 1397 4750 (6,
1413 4675 1442 4746 3,
1459 4673 1508 4732 61.
1527 4672 1576 4746 10,
1594 4667 1688 4744 1‚90)

686 4780 810 4840 Tacitus
834 4777 1048 4854 (ann.1,60):
1071 4777 1189 4836 videtur
1210 4778 1290 4836 euim
1312 4776 1396 4835 Pedo
1417 4775 1587 4854 praefectus
1609 4769 1688 4848 equi·

686 4891 750 4942 tum
772 4879 961 4953 Germanici,
983 4897 1072 4958 quem
1093 4881 1135 4938 ibi
1155 4881 1305 4952 nominat,
1327 4899 1360 4938 re
1381 4897 1454 4938 vera
1474 4897 1533 4938 non
1555 4875 1688 4935 diversus

686 4985 781 5044 luisse
803 5005 822 5044 a
842 4991 940 5062 poeta.
976 4985 1114 5062 Apparet
1134 4983 1226 5061 igitur
1247 4989 1280 5040 ut
1300 4981 1332 5040 in
1347 4981 1471 5041 Tibullo
1494 4979 1590 5042 Statio
1612 4976 1686 5036 Mar-

686 5087 750 5146 tiali
771 5087 909 5146 Iuvenali
937 5105 1102 5164 cognomen
1130 5091 1237 5162 poetae
1258 5103 1366 5144 nomen
1388 5083 1482 5142 fuisse
1504 5100 1600 5159 usque
1620 5095 1689 5155 qua-

686 5207 745 5267 que
766 5197 885 5263 notum,
912 5208 972 5249 non
994 5187 1191 5266 gentilicium,
1217 5195 1250 5246 ut
1271 5186 1302 5244 in
1324 5186 1542 5263 antiquioribus
1563 5179 1687 5241 Horatio
1754 5173 1755 5212 l

687 5291 824 5372 Vergilio
851 5292 1021 5371 Propertio.
1070 5290 1156 5350 Haec
1183 5289 1251 5350 sola
1281 5287 1392 5350 suflicit
1419 5287 1497 5348 ratio
1524 5286 1563 5346 ad
1591 5284 1689 5344 redar-
