3520 6006
913 558 1074 612 CORSSEN
1081 563 1091 608 :

968 916 1016 994 Π.

442 1104 839 1185 SVPPLEMENTVM
877 1102 1264 1182 INSORIPTIONVM
1303 1102 1547 1180 OSOARVM.

411 1391 489 1453 cum
511 1399 581 1468 post
594 1389 653 1450 Tb.
669 1389 850 1450 Mommseni
871 1389 979 1448 librum
1002 1387 1040 1448 de
1061 1387 1197 1449 dialectis
1214 1387 1322 1448 Italiae
1342 1387 1495 1448 inferioris
1518 1388 1650 1466 scriptum

329 1515 390 1556 non
411 1513 507 1572 pauca
527 1495 650 1552 invente
671 1499 700 1551 et
721 1491 874 1570 publicato
894 1492 955 1550 sint
975 1492 1097 1568 linguae
1120 1489 1219 1551 Oscae
1239 1503 1444 1565 monumenta,
1473 1492 1527 1551 sed
1549 1510 1586 1550 ea
1605 1512 1651 1570 per

328 1599 440 1658 multos
462 1597 556 1655 libros
579 1595 692 1672 passim
714 1594 864 1672 disperse,
886 1594 929 1652 ita
950 1603 983 1652 ut
1005 1593 1128 1671 longum
1150 1593 1190 1652 eit
1212 1612 1249 1651 ea
1269 1593 1455 1670 conquirere,
1483 1595 1510 1652 si
1531 1595 1598 1671 quis
1618 1613 1652 1652 ex
1743 1613 1744 1644 r

328 1701 372 1760 eis
394 1700 522 1758 fructum
544 1715 667 1774 corpere
688 1695 762 1756 velit
782 1695 821 1754 ad
842 1695 943 1755 studia
962 1695 1012 1755 vel
1036 1715 1135 1754 rerum
1157 1695 1204 1754 vel
1225 1695 1395 1774 linguarum
1417 1695 1592 1756 Italicarum
1611 1715 1652 1754 re·

332 1802 474 1872 colenda,
495 1817 556 1858 non
577 1799 707 1858 alienum
729 1816 797 1858 esse
818 1817 837 1856 a
857 1797 1025 1857 rationibus
1048 1799 1136 1856 huius
1158 1798 1357 1876 ephemeridis
1380 1799 1513 1873 ridetur,
1542 1798 1652 1858 illerum

332 1904 563 1980 inscriptionum
586 1901 825 1979 supplementum
847 1901 896 1958 hic
916 1900 949 1958 in
971 1909 1134 1978 conspectu
1154 1919 1275 1976 ponere,
1296 1901 1340 1959 ite
1353 1910 1387 1960 ut
1401 1901 1527 1960 nomina
1545 1920 1580 1960 ac
1593 1900 1653 1959 libri
1743 1909 1744 1938 l

332 2007 465 2068 virorum
480 2003 635 2063 doctorum
650 2012 801 2076 notentur,
824 2003 876 2078 qui
898 2020 950 2061 eas
966 2013 1018 2061 eut
1032 2001 1198 2078 descriptus
1213 2003 1380 2074 ediderunt,
1401 2012 1455 2060 aut
1476 2004 1553 2063 scite
1573 2005 1654 2062 inter·
1743 1989 1744 2008 ³

329 2109 438 2188 pretuli
460 2117 545 2180 sunt,
572 2113 603 2164 et
624 2105 716 2164 verbe
737 2103 820 2164 Osce
841 2123 942 2162 eurum
965 2102 1076 2162 Latino
1098 2123 1255 2176 sermone,
1284 2114 1428 2182 quantum
1449 2107 1518 2166 fieri
1542 2107 1653 2184 poterit,
1743 2137 1744 2140 η

329 2216 468 2270 enarrata
500 2207 742 2268 annotationibus
775 2205 954 2284 quibusdam
986 2207 1111 2266 subinde
1153 2207 1278 2266 adiectis
1312 2215 1454 2284 tanquam
1484 2209 1653 2268 brevissimo
1743 2213 1744 2218 ’

329 2310 576 2372 commentariolo
605 2309 794 2386 explicentur
815 2315 846 2366 et
866 2307 1063 2368 illustrentur.
1106 2311 1209 2386 Atque
1235 2311 1266 2368 in
1293 2309 1350 2369 hac
1376 2310 1544 2388 scriptione
1570 2310 1653 2369 semel

329 2417 441 2475 dictum
463 2413 548 2486 volo,
576 2430 623 2471 me
650 2411 739 2488 plane
767 2411 948 2470 abstinuisse
973 2430 993 2468 a
1013 2411 1193 2470 coniecturis
1219 2431 1323 2472 eorum
1348 2413 1583 2490 persequendis,
1608 2412 1654 2488 qni
1743 2415 1744 2420 ’

330 2536 410 2575 nunc
432 2533 551 2592 quoque
574 2522 681 2590 putant
702 2513 760 2572 sibi
782 2513 882 2586 licere,
905 2513 941 2571 de
963 2511 1011 2572 his
1034 2513 1155 2590 linguae
1177 2512 1276 2573 Oscae
1299 2516 1500 2576 monumentis
1524 2515 1654 2586 scribere,
1743 2519 1744 2552 ³

331 2617 477 2695 quidquid
499 2616 558 2675 sibi
580 2617 680 2674 animo
701 2615 827 2694 fingunt,
850 2615 925 2673 nihil
947 2627 1085 2674 curantes
1108 2623 1159 2674 eut
1180 2616 1224 2676 rei
1246 2617 1457 2696 epigraphicee
1472 2617 1653 2696 disciplinam

330 2728 382 2780 eut
403 2721 573 2797 linguarum
587 2717 763 2776 Italicarum
785 2717 993 2796 cognitionem.
1026 2715 1075 2775 De
1096 2717 1339 2796 inscriptionibus
1355 2720 1447 2798 igitur
1462 2719 1563 2792 Oscis,
1585 2737 1653 2794 quae

329 2828 400 2902 post
420 2821 601 2881 Mommseni
622 2820 731 2878 librum
752 2821 785 2879 in
805 2819 903 2878 lucem
925 2819 1113 2895 prodierunt,
1141 2821 1184 2878 ita
1206 2839 1293 2899 egam
1321 2821 1378 2880 bac
1399 2821 1652 2890 commentatione,

329 2933 363 2983 ut
384 2923 517 2982 ordinem
539 2923 696 2999 regionum
717 2921 912 2998 locorumque
928 2939 1046 2998 sequar,
1070 2921 1119 2980 ubi
1141 2922 1279 2982 inventae
1294 2923 1366 2994 sint,
1388 2923 1575 3002 singulorum
1591 2941 1652 2980 vero

329 3028 463 3086 locorum
493 3025 598 3083 titulos
627 3023 788 3083 secundum
817 3040 929 3100 genera
954 3041 1058 3082 eornm
1084 3023 1250 3102 dispositos
1283 3025 1315 3084 in
1342 3025 1474 3084 medium
1501 3025 1650 3104 proferam,

330 3129 509 3204 ubicumque
530 3145 566 3186 ea
587 3133 707 3186 exstare
729 3125 875 3186 videntur.

780 3411 1013 3472 CAMPANIA.
1056 3411 1208 3474 cAPvA.

332 3576 359 3635 l.
402 3573 531 3634 Lumina
556 3571 699 3648 plumbea
720 3568 879 3628 convoluta
901 3589 969 3629 enm
991 3571 1077 3630 titulo
1099 3571 1291 3632 dextrorsum
1315 3573 1441 3651 scripto,
1468 3575 1500 3633 in
1523 3555 1650 3652 sepulcro

374 3675 477 3753 oppidi
499 3674 532 3734 S.
548 3673 652 3732 Mario
674 3675 705 3731 di
727 3672 830 3748 Capua
851 3691 929 3730 anno
954 3673 1033 3734 1857
1056 3693 1074 3732 a
1097 3673 1239 3734 Simmoco
1261 3677 1359 3735 Dorio
1384 3677 1509 3736 invente
1537 3687 1566 3736 et
1590 3693 1650 3734 euo-

373 3780 446 3851 lutn‚
468 3777 600 3835 nuncin
622 3792 725 3834 museo
747 3773 963 3852 Neapolitano:

485 3909 591 4011 ste[n]
618 3910 720 3985 klum
736 3967 743 3983 .
759 3908 880 3984 virriis

485 4043 523 4107 tr
574 4031 762 4132 stl(?)eplu
778 4089 785 4104 .
801 4031 933 4106 vlrrliis

477 4153 535 4255 pl.
590 4153 663 4228 asis
679 4209 686 4226 .
702 4151 844 4226 bivellis

484 4273 607 4375 uppiis
623 4335 631 4350 .
646 4272 851 4373 hellenipp

486 4395 620 4470 luvikis
647 4393 794 4470 uhtevis

487 4516 606 4593 statiis
622 4573 630 4589 .
645 4515 782 4615 geaviis
799 4569 808 4588 .
824 4541 895 4617 nep
922 4517 1054 4592 fotium
1069 4573 1078 4591 .
1093 4545 1165 4620 nep
1183 4578 1189 4594 .
1206 4522 1353 4598 delkum
1370 4581 1377 4597 .
1392 4531 1543 4626 putlaps

484 4691 607 4768 luvkis
621 4750 629 4766 .
645 4691 792 4767 dhtevis
808 4747 815 4764 .
830 4693 1032 4770 nuvellum.
1043 4697 1188 4772 vellium

487 4841 582 4917 nep.
598 4813 747 4890 delkum
773 4839 844 4914 nep
860 4872 868 4887 .
884 4815 1014 4890 setium
1039 4819 1169 4918 puttad

487 4961 559 5038 nep
576 4993 584 5009 .
600 4935 774 5036 memnim
790 4990 798 5008 .
814 4961 885 5036 nep
902 4993 910 5010 .
925 4937 1025 5013 ulam
1041 4996 1048 5014 .
1064 4939 1144 5017 sifci
1160 4999 1168 5014 .
1183 4939 1382 5046 heriied1).

412 5145 437 5207 ¹)
464 5145 568 5196 Punctis
587 5145 739 5210 subscriptis
757 5146 845 5196 notavi
863 5145 975 5212 litteras,
1001 5164 1067 5216 quae
1085 5151 1147 5217 quid
1166 5153 1312 5219 significent
1330 5161 1450 5220 apparet,
1478 5163 1504 5206 et
1521 5154 1553 5205 ab
1571 5152 1647 5216 aliqua

335 5243 409 5303 parte
428 5237 558 5288 mutilatae
577 5243 645 5288 sunt.
