3548 6012
599 629 757 690 ovasse.
777 627 993 680 ououanon.
1013 629 1037 678 1.
1434 607 1482 678 41
1594 606 1598 619 ’

483 802 630 860 buendum
658 804 699 862 sit
723 801 923 880 fragmentum
951 821 1011 860 una
1036 807 1185 879 repertum
1214 819 1241 858 n.
1261 799 1335 874 129,
1362 801 1409 861 cui
1439 803 1484 860 in-

483 905 627 980 scriptum
654 916 701 964 est
732 885 865 998 {cresum
892 903 973 981 quod
999 904 1025 962 si
1052 903 1094 962 ita
1122 911 1184 976 est,
1212 903 1345 962 virorum
1366 922 1485 980 quoque

482 1025 589 1066 nomen
600 1005 785 1067 Satricanius
797 1007 892 1066 luisse
902 1005 1077 1084 putandum,
1090 1024 1149 1065 non
1162 1005 1348 1078 Satricanus,
1358 1007 1485 1066 Momm-

482 1128 571 1168 senns
594 1111 725 1168 adnotat.
770 1107 915 1170 Solebant
935 1108 1056 1184 quidem
1078 1109 1200 1166 nomina
1220 1107 1251 1166 in
1273 1112 1319 1168 ina
1341 1108 1420 1186 (sire
1442 1109 1484 1183 io)

481 1213 612 1272 breviari
631 1213 660 1271 in
676 1216 688 1270 i
709 1213 739 1270 in
755 1213 850 1272 titulis
866 1213 927 1270 illis
943 1211 1163 1282 Praenestinis3
1185 1228 1257 1268 casu
1272 1221 1371 1270 antem
1387 1213 1484 1290 primo

481 1315 661 1374 recentiores
676 1316 738 1374 lere
754 1323 885 1386 utuntur,
901 1315 1039 1392 genetivo
1055 1315 1249 1390 antiquiores.
1272 1313 1377 1390 Itaque
1389 1315 1486 1394 potuit

481 1417 532 1493 qui
560 1417 675 1476 Romae
702 1415 877 1478 Satricanus
904 1413 1090 1477 Satricanins
1113 1417 1319 1478 Praenestinis
1346 1417 1419 1488 dici;
1448 1417 1485 1475 de

482 1517 640 1580 Satricano
662 1529 761 1580 autem
784 1521 904 1580 omnino
925 1537 984 1579 non
1006 1519 1213 1580 dubitandum.

398 1619 548 1682 Satricum
570 1622 649 1682 Latii
671 1622 814 1702 oppidum
836 1631 938 1682 notum
961 1633 1016 1682 est.

133 1724 334 1786 8111111111
398 1725 441 1784 M.
458 1723 623 1786 Saenianus
639 1727 716 1785 Zoro
738 1725 852 1786 Romae
874 1725 981 1786 Mutat.
998 1725 1048 1796 29,
1065 1725 1081 1784 2
1101 1751 1137 1778 =
1155 1724 1277 1786 Guasco
1293 1743 1369 1786 mus.
1385 1723 1483 1803 Capit.

481 1826 532 1900 20,
548 1827 581 1900 93
606 1827 681 1886 vidit
703 1827 874 1888 Hennenua

131 1929 322 1992 Serranus
400 1929 542 1990 Saelenus
563 1929 685 1990 Horatii
713 1939 768 1990 sat.
788 1934 818 2004 1,
840 1933 875 2004 4,
899 1931 956 1990 112
979 1930 1116 1990 Bentleio
1142 1931 1295 1990 inauditus
1321 1949 1400 1990 nunc
1425 1932 1485 1990 alio

479 2034 614 2092 eiusdem
640 2035 755 2092 formae
781 2034 919 2111 exemplo
943 2035 1136 2094 confirmatur
1157 2052 1329 2110 quanquam
1352 2051 1409 2091 non
1433 2032 1484 2090 ho·

480 2137 580 2206 minis,
603 2137 656 2195 sed
676 2135 770 2210 fundi,
792 2137 843 2213 qui
866 2137 922 2194 init
936 2135 1068 2196 Volceiis
1089 2137 1119 2194 in
1140 2133 1308 2213 Campania
1328 2135 1351 2193 I.
1367 2133 1406 2194 N.
1424 2133 1484 2192 216

480 2239 622 2314 (11113).
666 2239 715 2297 Ita
736 2238 942 2298 Mommsenns
964 2239 1051 2315 legit3
1077 2245 1167 2297 antea
1189 2237 1345 2314 Spurianus
1367 2236 1486 2314 legeba-

480 2349 537 2398 tur.
581 2341 688 2418 Itaqne
716 2341 790 2400 nihil
817 2340 991 2399 mutandum
1021 2351 1067 2400 est
1093 2341 1123 2400 in
1145 2339 1264 2400 Horatii
1296 2340 1403 2412 satira,
1433 2339 1484 2398 secl

479 2443 615 2502 codicum
637 2445 818 2521 optimorum
841 2443 990 2520 scriptura
1012 2444 1169 2502 servanda.

126 2545 289 2606 Smllvs
396 2535 514 2608 Λούκιος
535 2539 656 2616 Ennavia
677 2538 854 2628 στρατηγᾶς,
879 2547 920 2622 τῷ
940 2547 1056 2622 incanui
1077 2535 1246 2615 ω’κειαῖμινοο
1273 2547 1321 2604 cui
1343 2543 1484 2604 Tiberius

479 2649 613 2726 pepercit
634 2648 761 2720 Diona,
780 2649 826 2708 19.
870 2647 940 2708 Nisi
960 2649 1025 2708 eius
1049 2649 1159 2728 gentile
1181 2648 1243 2706 Dio
1265 2647 1367 2708 tacuit.

397 2751 505 2810 Seiana
519 2751 551 2809 T.
574 2751 593 2809 l.
613 2751 781 2810 Plilnminu
800 2752 962 2811 Falerione
976 2749 1100 2810 Colucoi
1124 2753 1160 2809 A.
1177 2751 1213 2808 Ρ.
1231 2752 1260 2824 3,
1276 2750 1335 2810 233
1354 2776 1390 2801 =
1406 2752 1484 2811 Mur.

482 2853 572 2925 1742,
591 2854 628 2912 14
646 2879 683 2904 =
700 2852 812 2912 Donat.
829 2853 899 2926 427,
919 2853 966 2912 12.

397 2956 480 3016 Seius
502 2955 614 3036 gentile
635 2963 753 3030 notum3
775 2955 874 3016 locum
897 2955 1036 3016 similiter
1058 2964 1261 3034 nuncupatum
1282 2974 1344 3016 non
1364 2957 1442 3016 novi.

126 3059 298 3120 8011111111
398 3059 496 3118 Borea
523 3058 655 3118 Soronnc
681 3061 728 3118 vir
752 3059 851 3118 clarus
879 3059 966 3118 Paeti
991 3059 1146 3119 Thraseae
1173 3059 1287 3118 amicus
1315 3059 1483 3135 ubicunque

479 3161 560 3239 apud
580 3162 720 3221 Tacitum
743 3163 911 3222 accuratius
933 3161 1097 3234 indicatur,
1124 3163 1150 3220 is
1171 3144 1292 3239 ponitur
1312 3162 1482 3220 nomencla-

479 3272 563 3324 turae
586 3265 676 3336 ordo,
698 3283 787 3342 quem
810 3264 918 3340 scripsi
938 3263 1020 3340 (ann.
1046 3263 1093 3336 12,
1116 3265 1170 3336 533
1195 3265 1242 3336 16,
1263 3263 1312 3322 21.
1335 3264 1389 3338 233
1412 3265 1482 3324 hist.

479 3368 599 3444 4,10);
628 3368 678 3426 ubi
701 3367 832 3426 breviter
854 3375 969 3426 tantum
992 3376 1183 3439 memoratur,
1212 3365 1348 3428 Soranus
1370 3367 1482 3444 simpli-

479 3469 552 3528 citer
573 3469 683 3530 dicitur
705 3470 789 3546 (ann.
808 3469 858 3539 16,
876 3469 925 3528 30.
947 3467 996 3528 32.
1017 3471 1072 3542 333
1095 3470 1164 3529 hist.
1181 3471 1214 3542 4,
1231 3467 1294 3546 40).
1339 3467 1483 3530 Similiter

478 3562 612 3656 Σωραιιᾶς
634 3581 679 3632 ter
701 3573 808 3632 dicitur
830 3572 908 3631 nude
930 3573 961 3630 in
980 3572 1089 3631 Dionis
1112 3573 1241 3650 epitome
1265 3569 1329 3648 (62,
1346 3570 1411 3648 26),
1433 3571 1483 3631 ubi

479 3693 560 3734 mors
587 3675 652 3735 eius
681 3683 829 3734 narratur.
879 3675 977 3734 Barea
1006 3684 1110 3734 eontra
1137 3674 1274 3734 luvenali
1302 3675 1348 3734 bis
1375 3673 1484 3734 dicitur

479 3778 524 3854 (3,
545 3777 603 3836 116
625 3781 730 3837 stoicus
753 3779 857 3837 oceidit
875 3777 1004 3836 Boream
1025 3787 1056 3835 et
1070 3779 1106 3868 ι7,
1123 3777 1160 3838 91
1184 3788 1210 3836 et
1230 3777 1372 3853 Boream)
1395 3795 1483 3838 versu

479 3889 552 3956 puto
578 3890 710 3957 cogente.
759 3879 906 3942 Secuntur
927 3880 1053 3938 eundem
1076 3897 1161 3938 usum
1190 3880 1304 3940 scholia
1329 3879 1483 3938 Iuvenalis

478 3983 526 4041 bis
549 3981 647 4058 (adl,
665 3984 702 4042 33
726 3991 756 4040 11
778 3983 912 4060 3,116);
936 3983 1029 4042 semel
1051 3981 1103 4058 (ad
1122 3984 1148 4055 l,
1166 3982 1203 4040 33
1228 3981 1391 4042 secundum
1413 3982 1482 4040 Iah-

478 4085 570 4158 nium,
596 4087 622 4157 1,
639 4086 678 4143 47
694 4086 859 4144 secundum
881 4085 976 4143 libros
999 4084 1141 4161 scriptos)
1165 4085 1224 4144 duo
1245 4085 1367 4144 nomina
1388 4085 1418 4142 in
1433 4085 1482 4143 iis·
1537 4077 1542 4086 ’

479 4189 546 4246 dem
573 4198 725 4264 ponuntur
751 4197 840 4264 atque
867 4187 924 4246 hoe
950 4186 1069 4263 quidem
1092 4187 1195 4246 ordine
1218 4183 1352 4248 Soranus
1375 4185 1483 4246 Barea.

479 4289 529 4348 Ex
555 4309 648 4350 causa
674 4291 754 4363 eine,
782 4309 872 4368 quam
900 4299 963 4348 arte
990 4289 1160 4348 admirabili
1186 4290 1311 4350 Tacitus
1339 4290 1483 4362 narrauit,

478 4393 573 4452 filiam
588 4393 664 4464 eius,
687 4393 779 4452 Annii
794 4392 943 4452 Pollionis
958 4411 1094 4464 uxorem,
1111 4390 1269 4452 Serviliam
1286 4392 1379 4452 fuisse
1394 4392 1483 4450 disci-

479 4515 554 4554 mus.
607 4495 682 4554 Inde
711 4497 789 4572 patri
816 4514 937 4573 quoque
965 4493 1086 4556 Servilii
1114 4513 1223 4554 nomen
1250 4495 1362 4574 gentile
1388 4495 1484 4553 fuisse

478 4597 598 4658 fuerunt
626 4599 678 4675 qui
705 4607 863 4675 ponerent;
893 4599 947 4657 sed
975 4617 1030 4657 nec
1052 4597 1237 4676 Borghesius
1264 4597 1314 4672 (in
1335 4598 1423 4657 fastis
1445 4597 1484 4655 ad

480 4719 507 4758 a.
524 4699 575 4774 52,
601 4721 661 4778 quo
683 4720 761 4760 anno
784 4698 920 4761 Soranus
942 4720 1002 4760 cos.
1026 4701 1084 4760 suf.
1107 4701 1184 4776 erat)
1207 4720 1261 4758 nco
1281 4721 1377 4778 nuper
1391 4699 1484 4759 Wad-

479 4803 652 4881 (lingtom'us
676 4805 720 4881 (in
742 4805 829 4863 fastis
844 4803 1064 4880 provinciarum
1080 4803 1173 4861 Asiae
1195 4822 1225 4880 p.
1244 4803 1312 4876 135,
1334 4802 1384 4861 ubi
1400 4811 1485 4861 caute

479 4905 554 4964 haec
580 4907 786 4983 pronuntiavit
811 4903 861 4964 ‘on
887 4923 921 4964 ne
948 4909 1062 4964 contrait
1086 4925 1144 4981 pac
1172 4925 1224 4964 aon
1252 4924 1360 4964 nomen
1389 4903 1484 4980 genti-

411 5039 417 5050 ·
480 5009 595 5080 licium;
626 5009 652 5067 le
677 5028 741 5067 nom
769 5010 803 5067 cle
830 5027 865 5066 au
885 5009 949 5084 fille
967 5009 1062 5082 feroit
1082 5027 1221 5084 auppoeer
1242 5006 1313 5084 qu'il
1333 5006 1485 5083 a’oppeluii

480 5105 659 5188 Servilius')
692 5113 719 5170 ei
751 5111 885 5188 opinioni
911 5110 1029 5170 assensi
1057 5119 1139 5182 eunt3
1166 5117 1259 5183 recte,
1286 5129 1355 5169 nam
1383 5111 1484 5168 variae

480 5215 605 5291 cogitari
638 5223 763 5290 possunt
794 5232 919 5286 causae,
951 5213 1060 5290 quibus
1089 5213 1167 5272 filiae
1197 5232 1305 5271 nomen
1333 5211 1483 5270 diversum

480 5317 573 5376 luisse
595 5337 614 5376 a
634 5317 729 5395 patris
752 5317 931 5395 explicatur.
977 5317 1028 5382 At,
1040 5323 1140 5392 potest
1161 5333 1233 5374 sane
1256 5313 1392 5375 Soranus
1415 5330 1484 5388 cog·
