3520 6006
390 585 464 658 174
953 606 1136 660 consens:

387 778 633 860 praecedentibus
659 779 754 840 titulis
781 779 946 858 colligitur,
975 777 1154 840 Castricium
1181 788 1211 840 et
1237 777 1406 858 Spuricium
1433 781 1638 856 Pompeianos
1663 790 1707 840 aut
1747 777 1748 782 ’

387 881 488 959 aliquo
502 882 602 942 officio
616 883 665 942 vel
679 901 769 960 opere
790 882 908 941 functos
931 899 1008 956 esse,
1031 891 1082 942 ant
1103 883 1253 942 officinam
1268 883 1314 941 vel
1333 883 1477 942 fabricam
1493 884 1541 941 vel
1562 884 1704 942 tabernam

389 985 635 1063 qualemcumque
655 984 797 1044 habuisse
817 984 849 1042 in
871 983 1006 1058 aedibus,
1027 985 1077 1044 ubi
1099 985 1247 1044 habitaret
1261 982 1368 1044 Vibius
1390 982 1510 1044 Sehius.

390 1358 446 1420 ³³.
491 1359 528 1418 In
549 1357 689 1418 columna
708 1358 843 1436 porticus
870 1357 926 1417 fori
952 1375 1031 1417 nona
1057 1356 1091 1434 (a
1111 1357 1252 1435 basilica)
1278 1357 1392 1418 ordinis
1415 1358 1622 1418 meridionalis
1645 1361 1706 1418 inte·
1748 1323 1749 1346 Ξ

429 1461 518 1522 rioris
538 1462 629 1522 rubro
651 1461 752 1521 colore
773 1462 804 1522 in
825 1461 888 1521 tolo
910 1461 1006 1539 pictus
1029 1467 1075 1520 est
1096 1460 1214 1520 titulus:

938 1594 1150 1671 vaamunim

935 1718 1149 1778 Vamoniorum
1172 1717 1213 1794 (i)

388 1857 432 1916 ita
452 1865 486 1916 ut
507 1855 643 1934 singulae
664 1855 782 1914 litterae
805 1856 869 1915 eius
890 1857 923 1916 in
945 1856 1072 1934 singulis
1095 1856 1176 1916 striis
1199 1855 1338 1916 dimidiae
1363 1857 1458 1933 partis
1480 1857 1638 1916 columnae
1659 1857 1709 1916 dis·

389 1960 505 2036 positae
528 1959 597 2016 sint.
640 1957 676 2016 In
700 1957 796 2016 altera
818 1957 940 2018 dimidia
964 1967 1049 2035 parte
1076 1959 1140 2018 cius
1161 1959 1316 2018 columnae
1342 1959 1446 2018 eadem
1467 1961 1585 2020 ratione
1606 1961 1708 2037 pictum
1749 1985 1750 2070 q

389 2072 437 2122 est
456 2059 600 2119 Latinum
621 2059 797 2118 vocabulum
825 2060 931 2132 Victor,
959 2061 1003 2120 ita
1027 2069 1059 2118 ut
1072 2061 1160 2120 huius
1182 2060 1284 2119 littera
1304 2078 1325 2119 v
1346 2061 1377 2119 in
1398 2061 1501 2120 eadem
1524 2063 1598 2121 stria
1620 2065 1710 2139 posita

390 2165 431 2223 sit
451 2183 487 2221 ac
507 2163 608 2221 littera
628 2162 758 2240 prima]
782 2163 919 2222 vocabuli
941 2163 1022 2222 illius
1044 2161 1126 2236 Osci,
1148 2163 1282 2234 Fiorelli,
1307 2162 1408 2222 Giorm
1430 2166 1458 2222 d.
1476 2184 1552 2223 seno.
1570 2167 1597 2224 d.
1614 2165 1706 2240 Pomp.

395 2265 458 2325 Vot.
475 2265 502 2323 I.
524 2265 616 2334 1850,
634 2283 667 2340 p.
685 2264 731 2334 X,·
753 2267 790 2341 cs.
809 2285 842 2341 p.
860 2265 917 2322 XI.
956 2264 1036 2322 Mon.
1058 2269 1149 2342 apiqr.
1165 2264 1267 2340 Pomp.
1290 2266 1345 2324 tab.
1363 2266 1404 2336 X,
1419 2269 1446 2338 1,
1463 2285 1495 2342 p.
1512 2269 1555 2339 11,
1580 2267 1657 2326 unde
1679 2267 1707 2325 G.

392 2367 543 2438 Garrucci,
568 2367 662 2442 Teqol.
679 2366 796 2426 Camars.
819 2385 871 2425 coa
891 2385 993 2444 rappr.
1008 2367 1122 2443 prospe
1144 2367 1215 2443 leqp.
1233 2367 1300 2426 Osc.
1319 2387 1352 2443 p.
1368 2370 1388 2427 8
1402 2389 1445 2444 aq.
1480 2369 1621 2440 Famem,
1645 2369 1707 2429 01.

390 2470 459 2529 Ital.
475 2479 494 2528 t.
508 2469 583 2540 LII,
601 2468 695 2540 2803,
717 2469 767 2528 ubi
788 2487 843 2545 pro
862 2469 959 2529 Victor
973 2469 1118 2544 scriptum
1140 2478 1187 2527 eat
1207 2473 1337 2542 victoria,
1359 2473 1397 2544 cs.
1412 2471 1552 2542 Eaderic,
1574 2471 1709 2530 Formml.

391 2573 419 2631 cl.
437 2571 506 2631 ost.
523 2569 591 2646 Spr.
613 2591 641 2628 n.
661 2569 836 2642 XXXVII,
862 2569 882 2628 6
887 2592 899 2640 ,·
923 2603 964 2612 -
986 2569 1210 2646 Zampemeister‚
1239 2571 1331 2628 Iacer.
1351 2591 1419 2647 par.
1438 2573 1538 2649 Pomp.
1560 2572 1592 2632 C.
1608 2573 1634 2630 J.
1651 2573 1709 2631 Lot.
1750 2625 1751 2654 ᾗ

390 2674 449 2745 IV,
463 2673 538 2744 674,
553 2681 609 2730 not.
625 2703 666 2715 -
681 2670 807 2730 Fiorelli
823 2672 912 2730 etiam
927 2672 959 2730 in
974 2671 1034 2730 alia
1048 2672 1188 2731 columna
1209 2673 1342 2732 ciusdem
1364 2667 1499 2750 porticus
1519 2675 1593 2754 legit
1608 2683 1710 2733 utram·
1750 2677 1751 2710 ³

391 2795 450 2852 qne
472 2793 575 2834 vocem
596 2777 759 2834 vcamamim
780 2783 809 2832 et
827 2774 924 2834 Victor
945 2772 1061 2850 (Glorn.
1086 2775 1105 2833 l.
1121 2793 1145 2833 c.
1163 2795 1196 2851 p.
1212 2775 1271 2851 X).
1306 2773 1418 2834 Contra
1432 2777 1656 2854 Zangemeister
1668 2797 1710 2835 ro·

392 2877 531 2938 cabulum
558 2876 655 2936 Victor
677 2876 770 2935 semel
789 2883 906 2935 tantum
927 2875 1040 2952 pictum
1061 2877 1183 2949 invenit,
1206 2886 1238 2936 at
1258 2881 1420 2936 oaamaaim
1442 2878 1573 2938 affirmat
1595 2881 1711 2956 „repeti-

394 2989 456 3040 tum
478 2980 509 3038 in
531 2985 671 3054 quattuor
693 2978 837 3038 columnis
859 2978 1037 3056 propinquis
1060 2979 1105 3055 (in
1127 2990 1223 3051 sexta,
1245 2979 1295 3038 ubi
1318 2997 1373 3056 pro
1387 2996 1408 3038 ν
1423 2980 1555 3040 fortasse
1576 2991 1673 3041 exstat
1686 3001 1709 3052 v,

392 3084 424 3142 in
445 3090 566 3152 octava,
594 3081 623 3138 in
646 3080 783 3156 angulari
809 3080 942 3139 eiusdem
971 3089 1000 3138 et
1026 3081 1180 3140 orientalis
1203 3081 1316 3139 ordinis
1342 3083 1423 3140 etin
1446 3084 1586 3158 proxima
1606 3086 1645 3144 ab
1665 3086 1710 3142 hao

391 3183 543 3244 meridiem
555 3199 661 3242 versus
679 3181 790 3240 ordinis
808 3181 988 3258 orientalis),
1002 3183 1105 3242 sodex
1119 3193 1203 3258 parte
1217 3185 1600 3270 tantummodqservaturb.
1628 3185 1709 3246 “Cum
1751 3207 1752 3230 ι

399 3287 570 3347 Vaamumim
610 3285 651 3343 sit
685 3285 833 3360 genitivus
879 3285 956 3362 plur.
999 3285 1131 3344 eiusdem
1172 3285 1286 3344 formae
1332 3294 1387 3370 utr
1408 3287 1518 3363 Upetm,
1568 3288 1709 3356 Alternia,

393 3389 523 3464 Scfiaim,
544 3387 646 3468 dirim
658 3387 921 3464 cumque‚genitivi
938 3387 1013 3463 plur.
1029 3389 1181 3446 nominum
1196 3387 1349 3466 gentilium
1371 3389 1479 3465 Upaim,
1500 3389 1629 3462 Virit'am,
1646 3391 1709 3448 Kla-

392 3493 511 3550 ootiium
531 3491 562 3548 in
584 3488 679 3548 titulis
695 3487 858 3566 Campanis
880 3489 1012 3548 indicent
1032 3489 1169 3548 homines
1192 3490 1363 3567 complures
1385 3491 1518 3549 eiusdem
1540 3493 1645 3569 gentis,
1666 3493 1709 3568 qui

393 3591 472 3652 dona
512 3591 575 3650 deis
613 3590 758 3650 dederunt
797 3591 845 3649 vel
884 3598 1049 3667 posuerunt
1090 3591 1130 3668 (a.
1160 3590 1232 3668 19.)‚
1268 3599 1500 3652 consentaneum
1540 3601 1600 3667 est,
1631 3595 1708 3652 etium

399 3695 569 3754 Vaommu'm
590 3711 659 3752 esse
681 3693 844 3772 genitivum
871 3693 947 3770 plur.
975 3694 1104 3752 nominis
1126 3693 1262 3772 gentilis,
1290 3713 1349 3771 quo
1372 3695 1565 3772 significetur,
1586 3698 1708 3755 homines

393 3797 480 3856 buius
503 3797 601 3876 gentis
623 3806 675 3856 aut
695 3797 777 3872 ipsas
792 3795 947 3855 columnas
969 3795 1121 3856 faciendas
1143 3795 1189 3855 vel
1211 3795 1386 3856 reficiendas
1408 3815 1539 3868 curasse,
1560 3799 1708 3876 inquibus

393 3917 503 3958 nomen
524 3899 669 3976 scriptum
691 3897 821 3976 legatur,
848 3907 900 3956 out
925 3899 1005 3956 dona
1033 3899 1263 3976 qualiacumque
1289 3899 1423 3972 dedisse,
1452 3901 1562 3976 quibus
1588 3901 1707 3977 porticus

393 4001 452 4060 sori
478 3999 654 4078 Pompeiani
684 4007 888 4060 exornaretur.
933 3998 994 4060 Sed
1021 3999 1172 4060 fatendum
1200 4010 1261 4074 est,
1291 4020 1399 4060 nomen
1435 4002 1600 4062 Vaamurrim
1624 4021 1707 4078 neque

394 4103 425 4162 in
447 4102 514 4162 aliia
536 4102 630 4162 titulis
652 4101 742 4162 Oscis
764 4102 835 4180 legi,
857 4120 954 4178 neque
976 4103 1006 4161 in
1029 4101 1132 4182 lingua
1152 4101 1263 4162 Latina
1283 4103 1417 4163 inveniri.

397 4456 454 4517 ³4.
500 4456 662 4534 Inscriptio
694 4457 784 4516 rubro
810 4456 911 4516 colore
943 4457 1023 4536 picta
1051 4457 1083 4518 in
1109 4459 1174 4517 tofo
1202 4458 1321 4520 aedium
1348 4460 1451 4520 strada
1477 4461 1555 4521 della
1582 4461 1705 4524 rorum,

437 4578 466 4617 rt.
487 4557 525 4617 3.·

741 4704 873 4814 m]q[r]q,
899 4692 970 4768 silli
1188 4705 1275 4767 Mara
1302 4704 1415 4769 Sillius.

479 4918 671 4979 Delincatam
699 4919 781 4979 misit
809 4921 845 4980 lt.
870 4920 1014 4982 Schoene.
1058 4919 1202 4998 Supplevi
1230 4941 1411 4999 praenomen
1439 4924 1532 4982 Marc
1559 4918 1702 4982 secundum

397 5027 518 5106 anuc
544 5029 574 5080 et
600 5031 702 5082 notam
730 5024 794 5082 eius
816 5023 874 5081 Mr.
898 5023 1057 5099 (Momm,
1087 5022 1151 5082 Um.
1170 5025 1256 5082 Dicl.
1275 5045 1307 5102 p.
1325 5025 1415 5101 241),
1443 5035 1610 5102 comparata
1634 5020 1703 5080 Osca

398 5123 574 5184 nominativi
595 5124 693 5184 forma
714 5125 822 5185 Arteria
841 5144 898 5202 pro
920 5124 1039 5185 Graeca
1058 5118 1206 5209 Ἀρχίας
1227 5127 1278 5204 (cs.
1301 5129 1369 5203 infr.
1394 5147 1422 5186 m.
1445 5128 1508 5205 40).
1614 5165 1618 5174 ι
