3548 6012
354 585 402 656 28
946 593 1097 654 aunam

352 781 433 840 mina
459 797 517 838 non
544 777 665 857 proprie
687 776 815 837 Latinae
837 759 974 836 videntur
999 776 1094 835 fuisse
1121 775 1246 852 originis
1268 775 1330 847 vol,
1358 781 1390 834 ut
1415 775 1587 834 accuratius
1609 774 1684 833 dica-
1759 763 1760 810 3

351 901 434 955 mus,
461 879 700 952 consuetudinim
726 880 971 956 frequentissima
997 879 1076 938 enim
1103 896 1172 938 esse
1198 879 1229 936 in
1256 879 1346 938 certis
1373 876 1555 960 quibusdam
1580 876 1685 935 Italiae
1759 901 1760 958 j

351 984 467 1044 mediae
488 983 632 1062 partibus,
655 984 686 1040 in
702 981 813 1040 Piceno
835 981 1024 1058 potissimum
1047 981 1149 1057 (cuius
1177 1000 1286 1040 nomen
1307 981 1406 1057 ipsum
1425 979 1563 1038 similiter
1577 979 1685 1037 sorma-
1759 973 1760 976 ’

350 1096 412 1146 tum
435 1085 499 1162 est)
526 1085 758 1162 regionibusque
779 1084 887 1143 vicinis
910 1083 1082 1142 observavit
1102 1082 1357 1159 Mommsenusl).
1400 1081 1539 1140 indicare
1561 1100 1684 1158 possum
1759 1125 1760 1130 η

352 1189 417 1248 eius
439 1189 553 1247 formae
575 1189 697 1246 nomina
720 1187 847 1246 ducenta
868 1185 936 1264 plus
959 1185 1072 1257 minus,
1099 1185 1261 1244 maximam
1283 1192 1399 1262 partem
1421 1205 1459 1243 ex
1481 1184 1686 1262 inscriptioni·
1759 1195 1760 1268 J

351 1293 408 1351 bus
430 1291 585 1369 regionum
608 1309 712 1348 earum
733 1307 809 1366 quas
832 1288 905 1348 dixi.

436 1391 526 1453 Certo
547 1391 689 1451 Latinum
716 1399 762 1450 est
789 1391 930 1450 suffixum
959 1398 1023 1460 cin„
1039 1390 1121 1466 quod
1147 1391 1286 1467 componi
1308 1389 1386 1448 solet
1408 1399 1469 1448 mm
1490 1409 1558 1449 cum
1580 1390 1687 1448 radici-

352 1498 408 1556 bus
434 1516 451 1554 e
477 1495 586 1572 quibus
608 1495 755 1554 vocabula
780 1493 812 1552 in
833 1513 853 1552 a
875 1493 938 1551 sive
960 1493 1075 1569 primae
1096 1492 1307 1552 declinationis
1329 1493 1458 1552 formata
1480 1501 1566 1564 sunt,
1596 1505 1630 1552 at
1649 1493 1687 1551 ab
1759 1489 1760 1522 ³

354 1599 451 1659 insula
477 1597 568 1680 ‘debat¹
594 1597 759 1669 insulanae,
786 1614 805 1653 a
826 1596 944 1655 decuma
966 1597 1152 1666 dammanus,
1180 1613 1270 1671 quam
1297 1613 1364 1653 cum
1389 1594 1542 1653 radicibus
1564 1595 1596 1654 in
1619 1613 1688 1653 con·
1759 1637 1760 1678 3

352 1709 494 1762 sonantes
517 1699 690 1758 terminatas
713 1707 766 1757 aut
786 1699 818 1756 in
840 1717 856 1756 o
879 1697 1040 1757 secundum
1062 1697 1178 1757 tertiam
1201 1698 1385 1774 alterumque
1407 1697 1633 1770 declinationes,
1656 1707 1689 1756 ut
1759 1735 1760 1752 ι

351 1823 370 1862 a
384 1807 467 1881 sonte
481 1803 634 1876 fontanus,
657 1802 695 1860 ab
718 1803 824 1878 oppido
847 1802 1019 1878 oppidanus,
1042 1799 1192 1858 acastello
1207 1800 1381 1858 metallarius
1403 1801 1576 1858 factasunt.
1613 1801 1689 1860 Fre·

351 1905 583 1983 quentissimum
610 1911 657 1962 est
682 1903 713 1961 in
739 1903 896 1962 adiectivis
923 1921 1000 1979 quae
1024 1903 1154 1961 breviter
1180 1902 1306 1961 dicimus
1333 1902 1475 1974 ethnicis,
1502 1903 1555 1962 sed
1581 1903 1689 1963 eadem
1759 1905 1760 1964 ζ

350 2016 440 2085 atque
461 2008 492 2065 in
514 2006 640 2082 reliquis
661 2005 767 2065 formis
789 2005 926 2064 libertate
948 2011 1139 2083 usurpatum
1160 2023 1229 2064 nam
1251 2012 1285 2064 ut
1305 2024 1324 2063 a
1345 2006 1438 2064 Roma
1459 2007 1624 2078 Romanus,
1646 2007 1691 2064 ita

351 2129 370 2168 a
392 2109 513 2170 Tusculo
539 2108 718 2168 llumlanus
742 2107 903 2166 derivatur.
947 2106 1018 2168 Nou
1044 2107 1185 2184 frequens
1212 2117 1259 2166 eat
1284 2109 1316 2166 in
1338 2108 1461 2167 vetustis
1488 2109 1613 2168 deorum
1636 2126 1690 2167 no
1759 2131 1760 2184 3

351 2212 492 2285 minibus,
514 2210 608 2270 veluti
629 2211 661 2280 in
676 2195 778 2268 Diana
793 2210 910 2294 [Ianus]
926 2195 1064 2270 Siluanus
1079 2210 1252 2270 Summanus
1269 2209 1419 2284 Volcanus,
1441 2213 1511 2270 item
1534 2212 1566 2270 in
1585 2229 1690 2270 recen·

351 2315 477 2375 tionibus
505 2313 797 2390 indigitamentorum
823 2313 874 2389 qui
900 2313 1037 2372 dicuntur
1060 2313 1241 2374 Aesculanus
1264 2313 1392 2372 llutanus
1416 2313 1575 2390 Vapr'tanm
1596 2314 1690 2372 Raa-

351 2429 437 2478 stana
459 2416 630 2488 Patellana3
658 2415 859 2492 frequentius,
886 2425 919 2474 ut
943 2417 1163 2494 expectaveris,
1190 2417 1222 2474 in
1243 2417 1376 2474 locorum
1398 2415 1583 2488 nominibus,
1609 2434 1691 2492 quae
1759 2455 1760 2466 ι

350 2539 410 2578 non
437 2538 505 2578 raro
534 2517 697 2578 secundum
724 2518 939 2578 adiectivorum
967 2518 1137 2596 analogiam
1162 2517 1337 2591 formantur,
1364 2518 1456 2578 veluti
1478 2528 1549 2576 sunt
1573 2517 1691 2578 Cluana
1759 2585 1760 2602 3

352 2624 464 2682 Ficum
492 2621 618 2680 Novana
646 2621 785 2678 Numana
818 2620 951 2692 Urbana,
982 2620 1142 2680 Aeclanum
1170 2619 1325 2696 Anxanum
1351 2621 1517 2679 Bouianum
1545 2621 1691 2680 lucanum

350 2723 506 2784 Pallanum
529 2723 653 2782 Teanum
671 2721 839 2798 Tepianum3
863 2723 1008 2782 accedunt
1029 2732 1145 2782 montes
1169 2722 1325 2800 Geryonae
1345 2722 1513 2794 Vaticanus,
1535 2723 1691 2782 Pantanus

350 2826 449 2900 lacus,
476 2827 587 2884 flumen
609 2825 773 2885 Vomanum.
817 2824 972 2884 Pertinent
996 2827 1056 2884 huc
1078 2827 1167 2884 etiam
1190 2826 1316 2885 Sacram
1337 2845 1376 2883 ex
1398 2825 1595 2884 Reatinorum
1619 2845 1690 2883 vere
1759 2849 1760 2878 ι

352 2945 437 2987 sacro
460 2929 519 2986 orti
541 2937 616 2986 teste
638 2927 736 2986 Paulo
759 2926 845 2986 Festi
868 2947 895 3003 p.
913 2927 983 3000 321,
1006 2947 1134 3004 quorum
1155 2947 1266 2987 nomen
1288 2927 1326 2986 ad
1349 2927 1576 2987 similitudinem
1603 2927 1690 2987 Cam·
1759 2923 1760 2964 t

346 3049 446 3107 panus
469 3029 607 3089 Lucanus
630 3029 784 3087 nominum
806 3029 965 3088 formatum
987 3048 1055 3090 esse
1077 3039 1168 3109 patet.

385 3172 392 3186 ι
434 3133 556 3191 Peren
582 3131 731 3190 suffixum
753 3133 944 3192 coniunctum
972 3152 1039 3192 cum
1065 3138 1110 3192 ius
1137 3133 1358 3211 gentiliciorum
1387 3133 1691 3210 sollemnisimiliter

351 3245 440 3313 atque
462 3253 516 3312 per
538 3245 589 3306 an,
612 3243 661 3306 an,
683 3245 714 3292 tn
741 3242 770 3294 et
791 3235 923 3295 fortasse
948 3237 1038 3295 etiam
1060 3255 1113 3312 per
1134 3245 1173 3294 an
1194 3236 1317 3294 nomina
1337 3235 1490 3312 gentilicia
1511 3237 1608 3296 multa
1629 3237 1689 3296 for·

353 3542 566 3602 adiectivorum
589 3559 709 3618 quoque
730 3542 908 3601 formatione
930 3551 968 3601 an
984 3553 1020 3600 on
1036 3553 1115 3602 eruin
1136 3543 1246 3602 suffixa
1268 3542 1342 3600 satis
1363 3541 1533 3618 frequentia
1547 3553 1629 3615 sant,
1652 3555 1691 3602 an

350 3665 467 3717 rarum,
495 3651 528 3702 ut
554 3643 584 3702 in
606 3647 784 3720 importunas
806 3654 976 3721 oportunum
1004 3663 1074 3703 rara
1094 3645 1183 3703 etiam
1204 3644 1327 3703 deorum
1348 3645 1471 3704 nomina
1491 3655 1606 3722 perun
1630 3647 1690 3705 sul·

350 3347 431 3397 mata
453 3345 523 3394 sunt
543 3337 575 3395 in
597 3340 682 3396 anias
705 3341 788 3396 anius
811 3341 890 3397 enias
912 3341 988 3397 inlus
1003 3337 1044 3414 ⁹),
1067 3339 1159 3396 veluti
1178 3337 1324 3414 (ispanias
1339 3337 1525 3414 Sempronius
1539 3339 1690 3399 Ducenius
1759 3357 1760 3360 ’

358 3441 503 3510 Vatinius,
527 3457 596 3497 rara
621 3439 652 3496 in
680 3443 781 3512 anius,
809 3441 892 3498 velut
914 3439 1057 3516 Sepunr'as
1081 3439 1244 3516 Sepunnius
1266 3449 1296 3498 et
1318 3439 1430 3498 similia
1450 3439 1609 3516 quaedam.
1654 3443 1690 3500 ln

350 3749 445 3807 ΐιιιιιῐιι
466 3746 606 3817 formata,
630 3745 722 3805 veluti
737 3747 888 3822 Neptunus
910 3747 1056 3806 Pantanus
1072 3747 1212 3806 Melanos
1230 3747 1356 3806 lbtanas
1381 3747 1499 3807 Vacana
1522 3747 1639 3807 Vesana
1661 3759 1690 3806 et
1759 3753 1760 3764 ¹

352 3849 533 3912 Sabinorum
548 3849 698 3920 Albanam
720 3867 789 3908 uam
812 3850 843 3907 in
864 3850 998 3909 Fortuna
1019 3849 1217 3926 antiquiorem
1237 3850 1366 3908 Fortuna
1387 3851 1513 3908 formam
1534 3853 1690 3923 novimus,
1759 3861 1760 3918 Ῑ

352 3953 481 4012 similem
503 3951 674 4009 nominibus
696 3951 867 4028 Amymones
893 3951 1024 4011 Οιὸοιιαι
1045 3951 1197 4010 Pomanus.
1241 3953 1277 4010 Iu
1298 3952 1433 4012 locorum
1455 3953 1628 4026 nominibus
1650 3974 1689 4012 an

350 4055 468 4114 videtur
483 4052 606 4126 deesse3
629 4071 697 4112 nam
713 4055 857 4114 Bolanum
873 4053 993 4113 Cumani
1010 4055 1147 4114 Virunum
1161 4055 1290 4112 barbara
1305 4062 1383 4136 sunt.
1422 4052 1590 4114 Commune
1611 4057 1688 4114 illud
1759 4059 1760 4082 l

257 4162 260 4166 ’
350 4158 462 4218 habeut
482 4156 603 4215 nomina
624 4156 655 4214 in
677 4161 762 4215 anius
785 4160 867 4216 onius
890 4161 969 4216 entus
994 4161 1069 4217 inlus
1093 4155 1167 4232 (non
1189 4159 1220 4216 in
1242 4155 1357 4233 unlus),
1379 4158 1460 4234 quod
1481 4175 1635 4235 nusquam
1657 4160 1688 4218 iu

350 4261 388 4320 iis
414 4280 434 4317 a
454 4259 554 4317 littera
580 4259 731 4335 geminata
756 4267 812 4318 est.
855 4259 935 4319 Nam
962 4278 1039 4336 quae
1064 4259 1221 4318 extantia
1242 4262 1341 4318 ennius
1363 4259 1566 4319 nominanon
1588 4280 1689 4337 pauca
1759 4259 1760 4306 ἑ

350 4362 457 4439 (veluti
478 4362 642 4420 Herennius
664 4361 849 4438 Prscmnr'us)
873 4370 902 4420 et
923 4363 954 4420 in
975 4365 1070 4420 innius
1091 4380 1243 4440 perpauca
1265 4361 1371 4436 (veluti
1391 4361 1560 4438 Auianius),
1583 4381 1621 4421 ca
1644 4364 1687 4420 di·
1759 4345 1760 4420 ἶ

350 4483 454 4524 versae
476 4464 601 4543 originis
623 4464 757 4541 putanda
778 4473 848 4522 suut
868 4473 899 4523 et
919 4463 1047 4523 fortasse
1070 4465 1277 4542 componenda
1297 4484 1363 4522 cum
1382 4465 1547 4523 terminatis
1563 4464 1596 4522 in
1612 4485 1687 4523 ennu
1759 4509 1760 4532 ι

350 4577 380 4626 et
400 4571 485 4638 inna3
507 4568 538 4626 in
561 4572 664 4626 annius
686 4577 786 4626 autem
809 4577 838 4624 et
860 4571 961 4625 annius
984 4567 1110 4626 formata
1131 4567 1213 4626 nulla
1228 4567 1356 4624 fuerunt.
1393 4567 1499 4642 Itaque
1518 4567 1686 4626 Turannius
1759 4643 1760 4646 Ἴ

351 4693 404 4751 pro
430 4674 592 4731 Turranius
619 4679 648 4728 et
669 4670 829 4728 Verane-ius
854 4689 908 4747 pro
931 4669 1071 4728 Veranius
1097 4670 1224 4741 formae,
1252 4687 1327 4745 quaa
1350 4669 1479 4727 editores
1502 4669 1684 4746 scriptorum

350 4785 484 4835 veterum
506 4773 602 4833 adhuc
624 4771 754 4832 tolerare
775 4771 883 4844 solent,
906 4773 1027 4830 omnino
1048 4773 1246 4831 removendae
1269 4779 1348 4830 sunt.
1387 4771 1548 4830 Veranm'us
1569 4771 1686 4830 formae
1759 4771 1760 4782 ³

429 5025 452 5089 ¹)
478 5007 513 5076 In
529 5025 596 5075 libro
618 5025 650 5074 de
669 5025 785 5074 dialectis
805 5025 896 5074 ltaliae
915 5024 1045 5074 inferioris
1063 5039 1089 5088 p.
1105 5023 1156 5074 362
1177 5024 1236 5073 adu.
1252 5025 1281 5083 8;
1308 5023 1339 5072 cf.
1360 5039 1426 5088 quae
1444 5024 1582 5072 Henzenus
1603 5023 1683 5073 adno·
1759 5043 1760 5054 ι

310 5137 315 5145 ·
351 5120 415 5172 tavit
433 5119 466 5168 ad
485 5117 622 5183 Borghesii
641 5131 722 5181 opera
742 5119 754 5164 1
777 5133 802 5180 p.
817 5116 869 5165 246
889 5123 915 5165 et
933 5119 951 5167 4
970 5131 994 5180 p.
1010 5117 1072 5166 318.

427 5207 451 5273 ²)
479 5211 540 5263 Scio
559 5211 638 5260 etiam
656 5211 684 5260 in
703 5209 772 5258 inlus
789 5209 877 5270 inisse,
896 5215 925 5256 nt
941 5205 1066 5258 Cominius
1087 5206 1228 5259 Flaminius
1246 5206 1383 5258 Stertinius
1401 5205 1520 5270 Volss’ns‘a’3
1545 5209 1592 5258 sed
1611 5208 1677 5258 hanc

350 5305 488 5370 prosodiae
506 5303 679 5354 differentium
697 5317 766 5354 nuno
785 5317 837 5353 nou
856 5317 927 5352 curo.
