3520 6006
904 514 1086 568 CORSSEN:
1115 507 1122 520 ”

677 693 778 752 Aulus
800 690 986 769 Lamponius
1008 688 1107 766 Paqui
1130 687 1151 746 1.

680 813 799 892 Oppius
821 767 1048 892 pinnarorum
1068 811 1125 867 hoe
1146 807 1267 884 (dedit).
1290 839 1329 850 -

740 932 862 995 Salvius
884 931 1000 1010 (Salvi)
1024 931 1101 990 vale.

215 1091 226 1120 '¹
331 1117 382 1195 (cs.
406 1134 496 1194 supra
515 1134 547 1192 p.
570 1110 627 1172 153
648 1129 691 1188 sq.
714 1110 778 1170 157.

339 1403 747 1418 W

333 1651 482 1713 88-94.
532 1646 594 1708 Sex
617 1647 744 1706 laminae
766 1664 861 1704 aenea
882 1643 1069 1704 collectionis
1099 1661 1199 1702 rerum
1222 1643 1431 1717 antiquarum,
1453 1659 1530 1717 qnae
1550 1649 1617 1698 erat
1639 1640 1668 1696 in

375 1753 486 1834 oppido
519 1751 693 1830 provinciae
715 1748 894 1819 Basilicam,
927 1765 1007 1804 nuno
1039 1745 1069 1803 in
1095 1763 1198 1805 museo
1225 1743 1254 1804 T
1256 1743 1425 1814 aurinensi,
1464 1761 1589 1820 quarum
1612 1761 1669 1798 una

378 1860 528 1935 utrimque
550 1853 696 1928 inscripta
718 1860 764 1908 est
787 1850 827 1925 (a.
844 1849 895 1907 92.
911 1847 982 1926 932:

337 2045 394 2106 ss.
523 2039 903 2105 ov.assn1ss.ov
1132 2037 1229 2098 osius
1251 2038 1379 2098 caranus
1406 2036 1478 2098 ovs
1498 2037 1519 2096 r.

338 2165 394 2226 so.
543 2165 573 2224 N
590 2205 597 2219 .
614 2161 797 2222 maumas
815 2202 822 2215 .
837 2161 868 2219 N
1064 2157 1222 2219 Numisius
1244 2159 1378 2219 maratus
1399 2158 1531 2218 nomos
1552 2157 1571 2216 r.

336 2286 397 2346 90.
550 2285 578 2344 C
597 2325 604 2340 .
622 2281 738 2344 SOIES
754 2323 761 2336 .
778 2281 857 2342 MIN
1125 2279 1242 2340 Gavius
1271 2279 1361 2342 Soius
1388 2281 1476 2340 Miuii
1496 2280 1516 2338 f.

338 2407 388 2466 91.
536 2404 601 2466 ΝΟ
619 2446 625 2460 .
643 2400 789 2463 COMNI
805 2443 811 2457 .
828 2399 892 2461 ΝΟ
1102 2399 1222 2461 Novius
1244 2399 1401 2461 Cominius
1422 2399 1515 2460 Novii
1536 2401 1557 2459 1.

338 2525 395 2584 oa.
514 2501 897 2611 0v3cn1smrsov
1121 2522 1220 2582 onus
1243 2521 1397 2582 cassiana
1420 2521 1491 2582 ovs
1511 2523 1532 2580 r.

339 2648 396 2709 oa.
454 2525 470 2726 l
500 2645 554 2705 Tn
570 2667 577 2681 ·
593 2641 830 2704 ptaronrvs
847 2643 923 2702 ·rn
954 2522 971 2721 l
1089 2643 1220 2702 Trebius
1242 2643 1394 2710 Ptatoriue
1418 2643 1521 2703 mem
1541 2643 1561 2700 r.

340 2769 397 2828 m
529 2763 878 2826 summus
1121 2762 1517 2824 mmmmmm

424 2955 546 3014 Primus
573 2953 666 3013 edidit
694 2951 843 3012 Fabretti:
879 2951 929 3011 Sei
950 2952 1091 3011 laminette
1120 2953 1151 3010 dt
1176 2953 1280 3011 bronze
1308 2953 1434 3012 lectoratu
1462 2955 1573 3013 antitis
1594 2949 1668 3012 dalla

339 3059 485 3129 Lucania,
515 3057 576 3115 Atti
603 3055 777 3113 aMemorr'a
804 3055 881 3114 della
903 3055 1097 3132 Depatazioae
1123 3057 1154 3114 di
1175 3061 1266 3114 storia
1282 3059 1386 3132 patria
1409 3075 1464 3133 per
1487 3057 1668 3133 laprovincr's

340 3163 371 3220 di
384 3162 545 3236 Romaprta,
567 3178 616 3216 an.
631 3157 693 3227 ΙΙΙ,
707 3177 736 3233 p.
753 3159 817 3215 155.
834 3175 877 3233 aq.
914 3157 1058 3231 Eatratto,
1070 3176 1101 3232 p.
1118 3159 1134 3215 1
1149 3177 1203 3234 aq,
1220 3159 1298 3217 unde
1321 3159 1350 3218 0.
1366 3158 1392 3217 I.
1408 3159 1446 3217 It.
1459 3177 1492 3234 p.
1506 3156 1666 3224 CCCXIII,

340 3263 465 3336 LVIII,
493 3263 520 3320 2.
550 3259 645 3320 Gloaa.
673 3261 711 3318 It.
736 3279 767 3335 p.
795 3259 883 3318 1681.
926 3259 977 3318 Ex
1004 3260 1187 3338 apographis
1215 3279 1234 3318 a
1261 3261 1318 3320 Th.
1345 3261 1514 3320 Mommsen
1544 3259 1665 3337 acceptis

341 3366 387 3424 ed.
412 3363 451 3424 G.
475 3363 667 3433 Willmanna,
689 3361 842 3436 Eplemer.
866 3366 955 3438 epipr.
977 3363 1004 3434 Ι,
1030 3363 1059 3421 0.
1079 3363 1107 3420 I.
1123 3362 1191 3421 Lat.
1214 3363 1542 3440 sappl.n.132—138.
1586 3362 1665 3421 Febr.

341 3490 370 3527 a.
400 3467 458 3526 93.-
494 3463 652 3524 vnmvs
682 3471 711 3522 a
743 3463 774 3520 in
800 3464 874 3540 epe:
912 3463 1141 3524 v1vernm.
1186 3465 1258 3542 ago
1292 3462 1668 3525 deliramentum
1725 3445 1731 3468 '

342 3587 504 3645 eorumque
536 3567 632 3626 titulis
664 3566 831 3624 Mommsen
858 3566 887 3624 in
911 3567 1052 3625 societate
1079 3567 1288 3644 aroheologiea
1309 3567 1499 3628 Berolinensi
1525 3564 1665 3644 (Arcleol.

341 3672 461 3748 Anzeip.
485 3669 612 3740 XXIII,
635 3669 722 3740 1865,
746 3687 779 3744 p.
804 3669 871 3744 82),
901 3679 964 3727 tum
991 3687 1048 3746 ego
1076 3671 1203 3729 tractari
1230 3671 1483 3730 nominativorum
1511 3671 1620 3728 formas
1640 3667 1665 3724 io

343 3775 388 3833 eis
411 3773 589 3850 conspicuas
613 3771 660 3846 (Z.
677 3773 705 3846 s.
728 3771 816 3845 aerpl.
839 3770 909 3848 Spr.
932 3770 1058 3841 XVIII,
1082 3772 1152 3832 255.
1174 3772 1216 3844 X,
1238 3773 1316 3850 98.).
1361 3773 1426 3832 Iam
1452 3773 1564 3832 dudum
1584 3772 1665 3849 igitur

342 3876 511 3935 Mommsen
546 3873 696 3932 intellexit
718 3871 818 3932 Oscos
855 3891 922 3931 esse
948 3874 1123 3951 plerumque
1148 3875 1205 3934 hos
1232 3876 1351 3948 titulos,
1378 3875 1426 3935 cni
1451 3894 1508 3952 ego
1535 3888 1664 3934 assensus

344 3995 426 4048 sum;
463 3983 526 4034 turn
554 3975 672 4034 demum
699 3972 739 4034 G.
767 3975 952 4035 Willmanns
980 3979 1012 4036 in
1037 3978 1162 4038 eandem
1190 3979 1368 4037 sententiam
1395 3979 1543 4038 dlaserere
1570 3975 1664 4052 coepit

345 4077 389 4138 Ut
431 4079 534 4154 paucis
573 4097 636 4136 rem
676 4077 940 4155 comprehendam,
985 4079 1196 4156 inscriptiones
1236 4099 1265 4138 n.
1288 4079 1411 4140 88—92
1455 4081 1546 4156 plane
1581 4078 1666 4138 Oscas

344 4199 422 4252 esse,
459 4181 566 4240 docent
602 4187 632 4238 et
664 4180 802 4256 syllabae
837 4180 943 4240 finales
980 4181 1132 4242 nominum
1164 4183 1320 4258 gentilium
1355 4191 1386 4240 ot
1417 4185 1611 4259 praenomina
1642 4185 1666 4236 et

345 4293 436 4343 notae
458 4285 687 4360 praenominum
709 4284 804 4360 patris
826 4301 887 4341 non
909 4284 1012 4342 addita
1033 4286 1116 4344 vocis
1138 4285 1191 4342 filii
1213 4285 1315 4344 littera
1340 4285 1445 4361 prima
1489 4281 1664 4345 Nominatiri

346 4396 446 4444 autem
475 4387 605 4462 Asteries,
632 4381 774 4456 Marciae,
802 4385 894 4459 Soles,
926 4385 1051 4446 Caiaidia
1078 4387 1261 4465 respondent
1289 4388 1420 4463 antiquis
1442 4387 1572 4448 Lucanis
1598 4384 1665 4445 tituli

345 4489 510 4548 Dianensis
542 4486 667 4547 Graecis
694 4489 803 4546 litteris
831 4489 935 4564 scripti
963 4494 1051 4548 Οπιες
1082 4503 1112 4548 et
1141 4491 1276 4550 Λαπονιςζ
1323 4489 1423 4549 Etiam
1451 4491 1557 4550 titulus
1583 4511 1610 4549 n.
1631 4487 1662 4546 93

348 4591 448 4652 Osous
470 4600 526 4662 est,
547 4600 756 4667 praeterquam
783 4590 863 4667 quod
892 4591 1009 4668 syllaba
1031 4592 1128 4651 finalis
1150 4593 1281 4651 nominis
1301 4591 1452 4651 Parosta
1480 4593 1517 4652 de
1545 4591 1621 4652 Osco
1639 4591 1663 4648 ln

346 4693 487 4752 Latinum
510 4711 678 4752 sermonem
700 4693 830 4752 deflexit.
875 4692 989 4752 Contra
1018 4695 1139 4754 ultimus
1168 4695 1274 4754 titulus
1298 4693 1396 4754 Oscae
1418 4696 1541 4774 linguae
1561 4694 1663 4754 nullum

348 4797 480 4856 servavit
500 4796 643 4854 indicium
666 4795 723 4854 nisi
744 4815 927 4873 praenomen
956 4795 1084 4873 l'(ir'bia).
1127 4797 1234 4874 Itaque
1256 4799 1312 4857 hos
1335 4798 1410 4857 dnos
1431 4798 1553 4858 ultimos
1574 4795 1663 4856 titulos

347 4909 431 4976 patet
456 4919 492 4958 eo
520 4900 639 4957 demum
667 4907 800 4976 tempore
830 4899 958 4976 scriptos
985 4917 1068 4972 esse,
1096 4919 1157 4976 quo
1180 4899 1280 4959 Oscae
1300 4900 1418 4978 linguae
1439 4901 1594 4978 integritas
1615 4901 1663 4956 iam

349 5003 553 5079 praepotentis
581 4999 709 5058 Latinae
738 5001 769 5058 vi
795 5002 946 5078 corrumpi
972 5011 1079 5078 eoepta
1105 5013 1183 5076 erat,
1211 5003 1325 5062 seilicet
1351 5012 1423 5080 post
1444 5003 1556 5063 Osoam
1580 5003 1662 5080 legem

350 5104 510 5164 Bantinam
532 5103 649 5162 Latinis
672 5103 780 5162 litteris
802 5113 986 5181 conceptam.
