3504 6004
386 679 690 732 communiones
716 680 993 732 uricnaeutuan
1019 681 1111 732 xvu.
1337 661 1409 732 257

100 851 147 913 seu
165 871 235 912 eum
262 853 426 930 fratresque
454 855 524 912 dum
546 855 621 913 vixit
643 855 828 932 suspiciosus
850 855 1013 932 imperator
1033 855 1174 914 Tiberius
1200 856 1232 914 in
1254 855 1343 919 Italia
1369 875 1414 915 re-

98 955 180 1028 tinuit,
206 955 257 1014 ubi
278 955 394 1014 educati
416 969 568 1016 suntuna
589 975 655 1016 cum
678 958 867 1033 imperatoris
889 967 996 1035 nepote
1012 955 1090 1017 Gaio
1112 977 1148 1018 eo
1170 959 1220 1035 qui
1242 967 1349 1035 postea
1368 979 1413 1017 re-

97 1058 184 1133 gnarit
199 1059 238 1134 ¹).
282 1055 341 1132 Qui
364 1059 581 1137 cumprimum
604 1061 633 1118 in
657 1061 851 1120 contubernio
878 1061 1019 1136 proaviae
1043 1061 1148 1120 Liviae
1174 1061 1277 1134 luerit,
1308 1061 1415 1120 deinde

97 1180 126 1218 ea
143 1161 281 1220 defuncta
302 1181 328 1219 a.
346 1161 384 1220 29
407 1161 560 1221 transierit
580 1163 612 1221 in
634 1163 859 1224 contubernium
880 1163 964 1220 aviae
981 1164 1141 1236 Antoniae,
1164 1182 1235 1221 mox
1258 1183 1285 1221 a.
1302 1163 1340 1222 32
1358 1161 1414 1222 Ca-

96 1281 169 1339 preas
194 1264 233 1322 ad
253 1263 406 1322 Tiberium
428 1266 540 1324 accitus
563 1261 656 1340 sitl),
684 1265 838 1342 probabile
861 1275 908 1322 est
929 1263 1035 1342 Cotyis
1058 1266 1137 1324 filios
1159 1273 1219 1323 tres
1247 1264 1415 1342 dequibus

97 1366 181 1443 agitur
205 1373 234 1424 et
253 1367 338 1440 ipsos
360 1377 412 1424 aut
434 1367 513 1442 apud
529 1367 691 1426 Antoniam
716 1368 802 1425 aviae
824 1385 897 1425 suae
920 1385 1053 1426 sororem
1076 1376 1127 1426 aut
1148 1367 1227 1445 apud
1249 1369 1348 1444 ipsum
1363 1367 1415 1426 Ti·

96 1467 198 1526 berium
224 1469 253 1526 in
286 1469 358 1527 aula
383 1469 467 1546 regia
493 1478 625 1528 moratos
652 1469 769 1544 esse3).
818 1469 930 1528 Tutela
956 1481 1054 1528 autem
1086 1471 1171 1546 regni
1199 1469 1416 1532 Thraciaeab

97 1570 143 1628 boc
162 1581 305 1647 suscepta
319 1571 541 1646 quodammodo
563 1573 595 1630 in
610 1571 836 1648 occupationem
852 1571 973 1630 verterit
995 1589 1117 1630 necesse
1139 1579 1186 1630 est
1206 1590 1260 1630 neo
1275 1572 1416 1631 Tiberius

95 1669 314 1731 Rhoemetaloae
343 1673 446 1731 adulto
472 1672 551 1731 facto
573 1692 637 1732 eam
660 1673 836 1745 restituerit;
860 1693 928 1732 nam
951 1671 1048 1733 Gaius
1078 1675 1194 1731 demum
1228 1692 1285 1731 avo
1316 1691 1416 1731 succe·

96 1773 158 1831 dens
181 1792 210 1831 a.
231 1794 260 1850 p.
276 1773 348 1834 Chr.
366 1774 404 1834 38
432 1784 588 1850 paternum
617 1776 642 1833 ei
669 1795 793 1854 regnum
819 1775 997 1852 reddidit⁴).
1040 1773 1134 1836 Cordi
1156 1776 1235 1834 enim
1257 1793 1335 1833 novo
1352 1773 1417 1837 Soli

94 1875 149 1948 luit,
171 1885 206 1935 ut
220 1877 261 1935 ait
276 1877 382 1936 titulus
398 1875 575 1954 Cyzicenus,
599 1887 632 1935 ut
647 1897 706 1936 una
726 1897 792 1936 curn
804 1879 901 1954 ipsius
925 1877 1022 1938 sidere
1044 1877 1134 1938 simul
1149 1888 1346 1937 exorerentur
1368 1897 1418 1937 co·

96 1979 223 2038 nitentia
249 1981 446 2056 principatum
469 1981 535 2039 eius
557 1980 697 2057 regna5).
744 1979 865 2040 Scilicet
888 1977 984 2040 Gaius
1006 1980 1120 2057 filiique
1143 1978 1249 2058 Cotyis
1279 1981 1418 2056 proxima

97 2081 307 2140 necessitudine
330 2083 483 2140 coniuncti
505 2091 604 2152 erant,
629 2101 695 2140 cum
718 2083 787 2140 avia
809 2081 881 2142 Gaii
903 2091 933 2141 et
954 2084 1061 2142 borum
1082 2083 1210 2158 proavia
1231 2099 1351 2142 sorores
1373 2101 1419 2142 es·

98 2193 156 2241 sent
177 2183 328 2242 Antoniae
351 2181 479 2260 duae⁶)‚
502 2202 605 2242 omnes
627 2193 726 2243 autem
748 2203 933 2244 communem
956 2191 1109 2261 parentem
1132 2185 1277 2242 haberent
1298 2185 1338 2242 M.
1355 2185 1418 2242 An-

96 2285 203 2343 tonium
224 2285 380 2344 Illvirum.
425 2284 615 2364 Quapropter
637 2297 669 2345 ut
690 2287 775 2344 initio
802 2287 989 2364 principatus
1013 2286 1109 2346 Gaius
1132 2287 1295 2346 Antoniam
1322 2289 1419 2346 aviam

97 2389 202 2464 optime
229 2389 265 2446 de
292 2406 325 2447 se
352 2389 488 2447 meritam
514 2390 652 2447 omnibus
675 2389 783 2448 officiis
806 2387 919 2466 fovitl)
948 2399 977 2448 et
999 2389 1119 2447 omnino
1142 2407 1213 2466 erga
1233 2390 1419 2466 propinquos

98 2491 245 2550 universos
272 2491 309 2548 ad
337 2491 492 2549 stultitiam
522 2509 615 2567 usque
641 2491 710 2568 pius
738 2509 803 2550 esse
825 2491 976 2567 voluit⁸)‚
1005 2491 1047 2550 ita
1070 2489 1175 2568 Cotyis
1200 2509 1319 2568 quoque
1340 2492 1419 2550 filios

97 2599 152 2650 tres
173 2599 276 2669 utpote
299 2612 337 2651 ex
359 2593 481 2652 sobrina
502 2593 597 2672 ipsius
618 2601 706 2652 natos
734 2611 836 2652 omnes
857 2594 935 2652 inter
956 2611 1043 2671 reges
1065 2593 1188 2652 rettulit.
1211 2626 1252 2636 —
1273 2593 1419 2652 Eiusdem

95 2693 319 2755 Rhoemetalces
342 2693 448 2772 Cotyis
477 2695 531 2754 lilii
560 2697 649 2754 etiam
676 2697 788 2754 nummi
816 2705 934 2767 extant,
961 2696 1123 2772 inquibus
1152 2696 1190 2754 ab
1217 2695 1312 2754 altera
1335 2705 1421 2774 parte

96 2806 178 2872 caput
204 2795 274 2857 Gaii
301 2798 433 2856 cernitur
465 2798 617 2874 adscripto
649 2799 770 2857 nomine
795 2790 884 2874 Γα[ι’ῳ
911 2790 1033 2881 Καίσαρι
1059 2797 1234 2880 refluens&
1261 2789 1420 2874 Σεθαπῷ,

168 3063 190 3126 ¹)
214 3065 270 3116 Hoc
289 3081 390 3132 quoque
413 3065 500 3116 docuit
524 3067 657 3132 inscriptio
679 3067 807 3130 Cyzicena
827 3067 910 3116 verbis
930 3066 982 3116 his:
1004 3053 1061 3124 raaia
1078 3053 1175 3124 llo‘rooc
1199 3062 1226 3115 ii
1245 3061 1336 3122 παῖδας
1352 3057 1420 3114 Ῥοι-

97 3145 216 3258 pqra'itxqv
239 3155 280 3207 aul
303 3153 445 3229 Ilolipuvo
474 3155 516 3210 aul
539 3145 624 3210 llo'ruv
648 3145 799 3225 συντρόφους
824 3153 865 3206 καὶ
896 3155 1006 3228 ἑταίρους
1035 3157 1111 3244 tapso}
1135 3159 1212 3226 (imp.
1236 3159 1319 3222 Gaio)
1348 3175 1419 3226 γεγο-

98 3265 176 3306 νοτες.

169 3340 193 3405 ²)
218 3345 325 3396 Sueten.
339 3344 398 3396 Cei.
415 3347 457 3394 10.
497 3345 602 3394 Tacitus
622 3359 681 3393 ann.
702 3345 727 3405 6,
749 3345 792 3393 20.

169 3431 193 3496 ⁸)
219 3435 339 3487 Conferri
357 3443 451 3502 potest,
471 3437 540 3502 quod
555 3437 673 3501 Agrippa
690 3451 736 3486 rex
751 3436 905 3486 Iudaeorum
920 3434 987 3487 Gaio
1007 3435 1156 3500 imperatori
1176 3442 1307 3502 tamquam
1326 3436 1421 3502 paeda·

99 3540 173 3591 gogus
192 3527 273 3578 adsuit
293 3528 408 3594 (loseph.
421 3537 474 3579 ant.
492 3531 533 3590 18,
549 3530 573 3590 6,
588 3530 624 3591 4).

168 3615 192 3680 ⁴)
215 3621 268 3670 Dio
284 3621 327 3684 59,
343 3623 390 3672 12:
410 3609 491 3670 Ko'rot
510 3609 552 3684 τήν
563 3637 591 3668 τι
608 3615 744 3688 'Appenino
762 3611 805 3683 τὴν
820 3614 982 3687 σμικροτίραν
994 3617 1034 3668 acl
1054 3607 1115 3686 p'srri
1133 3616 1205 3669 retro
1225 3617 1265 3670 aui
1283 3618 1326 3684 τῆς
1342 3615 1421 3687 ’Apa-

99 3703 154 3768 βίας
170 3702 222 3762 stad
240 3711 274 3776 τῷ
292 3727 319 3761 τι
338 3703 496 3785 Ῥομητᾶλκῃ
515 3703 547 3762 roi
564 3710 609 3762 τοῦ
627 3701 722 3770 Ko'rooc
741 3711 781 3762 καὶ
801 3708 937 3778 Πολέμωνι
958 3711 991 3774 τῷ
1009 3709 1054 3760 τοῦ
1073 3709 1227 3781 Πολίμωνος
1246 3710 1297 3762 olel
1313 3702 1356 3776 τὴν
1374 3729 1422 3761 πα·

98 3791 169 3868 aprino
186 3792 269 3876 ἀρχὴν
288 3803 461 3873 ψηφισαμένης
484 3794 513 3869 dr)
532 3803 575 3870 τῆς
594 3803 688 3869 βαυλῆς
708 3801 849 3876 ἐχαρίσατο
873 3799 898 3853 ir
915 3819 942 3852 se
961 3801 992 3876 τῇ
1011 3799 1092 3872 ἀγορᾷ
1115 3803 1155 3854 καὶ
1179 3799 1218 3853 1πῖ
1243 3801 1287 3854 soli
1311 3801 1422 3872 βήματος

101 3891 123 3941 hr
141 3889 213 3963 δίφρῳ
232 3885 326 3964 perago*
350 3897 397 3948 τῶν
416 3887 511 3948 intrav
530 3885 704 3966 καθιζέμενος.
742 3898 943 3949 Rhoemetalcen
968 3913 1027 3947 eum
1051 3899 1083 3948 de
1109 3914 1159 3962 quo
1185 3898 1234 3948 hoo
1260 3900 1317 3948 loco
1338 3899 1422 3963 agitur

101 3987 177 4039 adhuc
199 3991 355 4041 credidimus
379 3993 493 4056 intellegi
511 3992 712 4056 Rhescuporidis
735 3991 816 4040 fllium
839 3987 918 4054 (apud
938 4005 985 4039 nos
1005 4006 1030 4040 n.
1055 3989 1095 4052 8).
1130 3992 1170 4040 cui
1194 3991 1275 4040 altera
1294 3991 1422 4040 Threciae

104 4095 158 4143 pars
174 4097 189 4132 a
207 4083 276 4135 Gaio
296 4085 357 4133 data
374 4085 408 4134 sit
427 4085 505 4149 stirpe
527 4085 616 4148 Cotyis
635 4085 668 4134 ad
688 4084 840 4132 Armeniam
859 4083 991 4132 translata.
1029 4085 1067 4132 At
1084 4089 1220 4148 postquam
1240 4085 1328 4133 titulus
1349 4083 1422 4147 Cyzi-

105 4187 173 4224 cenus
195 4177 282 4226 docuit
305 4177 395 4240 Cotyis
416 4177 557 4228 liberomm
587 4183 648 4226 netu
672 4177 815 4226 maximum
840 4175 930 4224 eodem
954 4175 1059 4224 nomine
1080 4175 1160 4226 inisse
1184 4191 1292 4241 eumque
1317 4191 1424 4240 regnare

104 4268 208 4331 coepisse
226 4269 370 4333 imperante
389 4285 441 4319 non
455 4269 570 4331 Tiberio,
591 4269 638 4319 sed
651 4269 727 4330 Gaio,
749 4268 842 4318 collato
862 4267 1009 4317 testimonio
1020 4267 1156 4320 Strabonis
1171 4266 1332 4333 (p.256edn.
1346 4267 1377 4329 4)
1397 4267 1425 4316 id

107 4357 206 4410 efficitur
223 4361 294 4426 quod
313 4376 390 4426 supra
414 4363 545 4426 posuimus
564 4361 669 4410 nominc
689 4360 889 4411 Rhoemetalcen
909 4374 1016 4424 regnare
1036 4362 1150 4425 coepisse
1173 4367 1232 4425 post
1256 4360 1354 4409 obitum
1379 4375 1424 4424 pa·

109 4450 160 4512 tris,
184 4454 228 4503 sed
248 4454 353 4502 tutelam
372 4455 444 4518 regni
463 4454 595 4504 Tiberium
614 4455 642 4503 in
662 4453 858 4517 occupationem
877 4453 992 4502 vertisse.
1031 4453 1154 4517 Sequitur
1172 4454 1233 4502 item
1253 4452 1337 4517 Cotyn
1357 4469 1423 4514 eum,

108 4544 171 4594 cuius
187 4561 293 4610 regnum
307 4545 388 4598 Gaius
412 4545 611 4596 Rhoemetalcae
631 4545 728 4606 tribuit,
748 4544 944 4596 Rhoemetalces
964 4551 1063 4608 patrem
1083 4561 1146 4607 esse,
1167 4561 1219 4596 non
1238 4545 1343 4595 fratrem
1363 4560 1424 4594 mox

108 4645 337 4700 commemoratum
363 4653 517 4704 quamquam
536 4639 592 4688 fieri
612 4645 708 4704 potest,
733 4645 761 4687 ut
779 4638 832 4688 Dio
856 4638 911 4702 ipse
934 4637 1073 4694 crediderit
1091 4637 1124 4687 de
1143 4639 1234 4688 eodem
1254 4637 1335 4702 Cotye
1355 4645 1424 4686 utro-

108 4741 150 4788 que
168 4729 222 4780 loco
241 4732 292 4796 agi.

174 4818 196 4883 ⁵)
219 4819 295 4871 'Ensl
313 4812 327 4871 ὅ
346 4808 506 4880 νεδςἭλιος
526 4814 604 4880 Γάιος
622 4823 725 4889 Καῖσαρ
740 4809 873 4883 inficeris
892 4810 1041 4889 Γερμανικδς
1061 4810 1254 4889 συναναλᾶμψαι
1273 4825 1333 4878 raic-
1348 4815 1425 4878 ἰδίαις

109 4903 186 4975 ιῦγαῒς
202 4907 244 4963 aul
263 4901 308 4972 τᾶς
327 4902 477 4983 δορυῲᾶρους
495 4915 538 4980 τῆς
555 4908 686 4982 ἡγεμονίας
705 4908 834 4979 ἠθίλησιν
854 4909 1025 4982 βασιλ[εί]ας.

175 5001 198 5068 ⁶)
221 5007 290 5058 Vide
314 5023 380 5072 qaae
404 5009 431 5058 in
455 5009 504 5058 hac
529 5009 692 5073 ephemeride
720 5009 797 5058 roll
819 5024 843 5072 p.
860 5009 911 5056 223
937 5008 969 5056 de
988 5009 1107 5058 Antonia
1132 5008 1259 5058 triumviri
1284 5008 1338 5058 filia
1363 5015 1425 5057 natu

111 5096 211 5148 unxina
228 5108 308 5164 nupta
327 5099 477 5163 Pythodoro
497 5101 632 5151 Tralliano
652 5102 769 5165 exposui.

175 5185 197 5251 ⁷)
221 5193 327 5244 Sueten.
348 5191 407 5244 Gai.
430 5193 476 5242 15:
503 5193 629 5244 Antoniae
647 5194 722 5243 ocius
741 5190 864 5259 quidquid
881 5207 994 5258 umquam
1013 5189 1093 5242 Livia
1112 5193 1229 5260 Auyusto
1247 5189 1367 5244 tonorum
1385 5207 1423 5244 ce·
1474 5223 1477 5226 -

108 5279 184 5342 pltat,
203 5299 249 5334 cao
269 5290 370 5334 senam
387 5285 499 5336 consulto
519 5286 651 5352 conpescit.
689 5287 743 5336 Dio
764 5287 806 5347 59,
829 5286 853 5335 3.
892 5284 991 5335 ldckhel
1011 5285 1036 5348 6,
1058 5285 1119 5336 179.

178 5369 200 5436 ⁸)
224 5376 403 5428 Suetonio.
440 5377 494 5429 Dio
513 5378 530 5428 l.
546 5395 567 5430 c.
