3520 6006
494 1949 1004 2066 ousuuvluluuus
1042 1954 1518 2069 EPIGRAPHICAE.

565 2521 652 2581 XVI.
699 2521 728 2582 S.
753 2519 787 2582 C.
811 2521 869 2580 DE
893 2519 1121 2584 THISBAEIS
1150 2521 1443 2584 REOOGNITVM.

618 2661 840 2728 (Supplementum
859 2663 892 2712 ad
912 2663 966 2712 obs.
979 2663 1032 2714 XV
1051 2679 1074 2712 a
1091 2665 1159 2714 1672
1180 2679 1205 2728 p.
1221 2663 1396 2725 ets-298.)

340 2809 440 2984 Qui
473 2909 588 2950 summo
620 2892 687 2950 loco
719 2891 885 2952 litterarum
917 2909 1018 2951 curam
1050 2891 1180 2952 Athenis
1216 2891 1335 2968 publice
1367 2893 1430 2968 egit
1461 2891 1671 2952 Eustratiades

338 3003 499 3072 postquam
526 2995 822 3054 senatusconsultum
849 2995 886 3053 de
913 2995 1076 3053 Thisbaeis
1110 3012 1213 3053 mense
1241 2991 1411 3073 Septembri
1439 2995 1510 3054 anni
1537 2997 1671 3071 proximi
1758 3051 1759 3054 ,

337 3116 376 3156 ex
415 3095 542 3174 ignobili
579 3097 660 3169 vico,
700 3097 751 3155 ubi
789 3098 914 3174 prodiit,
951 3097 1087 3156 Athenas
1128 3095 1320 3156 deserendum
1360 3097 1490 3181 curavit,
1530 3099 1572 3156 ibi
1615 3101 1672 3158 ism
1737 3155 1743 3166 ,

336 3207 522 3276 prostantem
551 3198 682 3276 lapidem
709 3201 739 3258 in
766 3217 871 3258 museo
900 3198 939 3257 ad
961 3200 1040 3258 viam
1063 3199 1228 3258 Potissiam
1255 3199 1373 3277 publice
1399 3201 1575 3278 expositum
1609 3221 1674 3261 mes

336 3321 430 3362 causa
461 3301 559 3360 denuo
592 3303 726 3379 inspexit
757 3311 786 3361 et
817 3301 1048 3378 diligentissimo
1080 3303 1254 3379 recognovit
1287 3301 1360 3361 Otto
1393 3303 1528 3362 Lueders
1562 3305 1674 3364 horum

337 3404 503 3463 studiorum
526 3405 607 3462 fideli
630 3405 773 3463 societate
794 3404 951 3464 nobiscum
974 3404 1160 3463 coniunctus.
1205 3404 1251 3462 En
1272 3405 1436 3482 recognitio
1461 3407 1519 3464 etsi
1547 3407 1579 3465 in
1609 3409 1674 3468 uni·

336 3524 455 3566 versum
479 3508 667 3566 confirmavit
687 3507 718 3565 id
740 3507 776 3564 de
798 3525 856 3582 quo
880 3527 917 3564 ne
939 3513 1028 3564 antea
1049 3505 1168 3583 quidem
1184 3506 1314 3565 dubitari
1336 3515 1416 3566 recte
1437 3516 1564 3586 poteret,
1590 3509 1674 3568 Fou-

337 3617 451 3668 curtum
478 3609 577 3668 officio
603 3629 665 3667 non
693 3609 853 3667 admodum
881 3609 963 3666 sacili
985 3608 1116 3667 sunctum
1140 3628 1208 3668 esse
1233 3619 1354 3668 strenue
1379 3619 1409 3668 et
1436 3611 1544 3686 perite,
1573 3612 1672 3672 nihilo

336 3712 434 3771 minus
457 3711 681 3770 emendationes
703 3711 849 3787 quasdam
872 3711 1087 3788 suppeditavit,
1109 3711 1217 3788 quibus
1240 3712 1392 3788 egregium
1415 3720 1445 3770 et
1466 3733 1561 3790 paene
1585 3715 1672 3772 dixe·

336 3816 392 3873 rim
415 3814 589 3890 primarium
612 3815 841 3872 instrumentum
863 3812 1043 3890 quibusdam
1064 3813 1139 3873 locis
1155 3817 1339 3874 emaculetur
1362 3827 1392 3874 et
1412 3833 1491 3872 nova
1512 3815 1579 3874 luce
1605 3817 1673 3876 illu·

336 3923 456 3976 strutur.
501 3895 702 3989 Quamobrem
732 3915 790 3974 mei
817 3915 908 3974 officii
935 3914 1010 3974 duxi
1036 3933 1088 3974 eas
1110 3934 1200 3993 quam
1227 3915 1356 3994 primum
1383 3917 1447 3975 fieri
1475 3919 1576 3994 potuit
1605 3939 1671 3978 cum

335 4019 374 4078 iis
397 4037 522 4096 quorum
544 4019 668 4078 interest
689 4018 807 4096 publice
829 4018 1057 4076 communiente.

420 4175 457 4234 V.
481 4175 592 4234 6-10
620 4176 662 4232 ita
689 4162 834 4234 mutanda
858 4182 940 4233 sunt:
970 4164 1036 4257 ssepi
1064 4162 1100 4232 civ
1122 4166 1254 4254 Ornssleic
1279 4164 1387 4252 λέγους
1412 4167 1582 4246 ἐποιήσαντο
1610 4167 1671 4262 περὶ

326 4281 392 4338 ’ταῖν
412 4273 492 4335 καθ’
507 4271 612 4336 adrolo
634 4267 825 4360 πραγμάτων,
853 4267 948 4338 οἵτινες
976 4275 1002 4333 ἓν
1023 4279 1058 4355 τῇ
1079 4270 1163 4354 spallo
1183 4280 1219 4355 τῇ
1241 4279 1245 4356 Ι
1270 4267 1387 4361 ἡμετέρᾳ
1409 4267 1563 4346 ἐνέμειναν,
1593 4270 1672 4341 ὅπως

335 4377 431 4437 αὐτοῖς
454 4373 609 4458 δοθυῖσι[ν,
633 4381 637 4456 Ι
662 4377 761 4456 n]io¹)
783 4373 821 4435 τὰ
842 4374 925 4435 καθ’
941 4373 1048 4438 ailredo
1069 4369 1229 4462 πράγματα
1251 4371 1503 4461 ἓξηγῆσωνταιῗ).
1548 4382 1586 4440 Id
1609 4391 1669 4441 cst:

341 4483 426 4554 Quod
449 4483 581 4541 Ilicbuci
606 4482 693 4540 cerba
714 4483 847 4556 jecerunt
874 4483 909 4539 de
936 4486 996 4540 cuia
1025 4483 1108 4540 rabac
1134 4483 1316 4558 quiquidem
1337 4486 1368 4540 in
1390 4486 1671 4562 amicitinpermun·

335 4570 445 4656 acram,
471 4594 503 4642 ut
525 4587 626 4642 dentur
647 4583 701 4642 sibi
722 4584 824 4659 quibus
846 4587 919 4659 ipsis
942 4602 987 4642 res
1010 4602 1078 4642 saue
1100 4595 1249 4660 exponant.
1292 4583 1379 4659 Quae
1402 4585 1548 4645 orationis
1570 4587 1670 4645 forme

335 4697 519 4764 quantopere
541 4693 674 4763 praestet
694 4705 739 4758 ea,
762 4703 851 4762 quam
868 4695 956 4744 antea
977 4684 1018 4762 (p,
1036 4685 1110 4762 292)
1133 4687 1349 4746 admiseramus
1365 4705 1462 4746 rerum
1478 4707 1559 4748 nexu
1580 4687 1669 4768 flegi-

335 4799 438 4862 tatam‚
461 4789 514 4848 sed
537 4787 684 4848 sermonis
707 4789 759 4846 vix
782 4788 958 4860 tolerabilis,
981 4806 1041 4846 non
1063 4807 1139 4865 opus
1161 4798 1208 4848 est
1228 4808 1377 4848 enarrare.

336 5011 540 5021 ——-——

412 5162 436 5227 1)
460 5165 605 5216 Foucurtus
623 5165 685 5229 legit
704 5167 812 5212 ΑΥτοιε
835 5151 888 5227 (vel
901 5151 934 5228 Δ)
957 5149 1352 5229 llB(?)elttllllti‚“supplevit
1370 5155 1440 5214 aiunl
1459 5153 1600 5232 διόρθωσιν
1622 5163 1666 5222 εἰς.

337 5258 413 5322 Quod
431 5257 515 5324 posui,
535 5257 712 5308 Kirchhofflus
731 5256 838 5306 invenit.

410 5357 435 5424 ²)
454 5359 597 5411 Fooeartus
615 5359 677 5426 legit
696 5361 943 5422 ammianum,
964 5357 1093 5424 supplevit
1112 5345 1305 5427 ιισηγήσωπαι.
