3520 6006
519 767 592 818 tax
611 765 693 818 ceu.
714 766 940 817 cauernae.
1326 747 1404 816 145

88 943 157 1002 citari
175 945 246 1002 inter
262 943 365 1000 boram
385 942 534 1000 acuendam
548 951 574 998 ct
587 941 723 1000 decimam
739 941 804 998 diei.
822 972 859 982 —
883 939 1001 999 Deinde
1016 939 1095 1016 quod
1111 941 1162 998 lex
1178 939 1305 998 delatori
1321 947 1404 1015 quat·

87 1058 140 1105 tuor
158 1046 245 1103 boras
270 1045 332 1116 dat,
356 1043 612 1120 subscriptoribus
636 1042 761 1120 siugulis
783 1043 880 1114 binas,
904 1061 956 1102 reo
978 1042 1172 1121 patronisque
1193 1041 1257 1101 eius
1280 1042 1406 1100 alterum

87 1157 183 1208 mamm
204 1147 362 1224 temporis,
384 1153 527 1222 quantum
550 1146 743 1216 accusationi,
766 1145 797 1204 id
818 1143 892 1204 nihil
913 1145 1045 1222 impedit,
1068 1145 1228 1222 quominus
1251 1163 1269 1202 a
1288 1145 1406 1203 iudiciis

87 1251 195 1328 publicis
216 1267 299 1326 quae
321 1267 356 1308 eo
379 1258 512 1326 tempore
534 1249 564 1306 iu
588 1249 660 1307 urbe
682 1249 787 1307 fierent
808 1248 987 1306 translatum
1009 1265 1077 1306 esse
1100 1259 1252 1326 putemus3
1276 1258 1355 1308 certe
1376 1250 1407 1308 in

87 1371 164 1412 causa
183 1351 354 1410 Miloniana
374 1350 455 1428 quod
477 1349 661 1410 accusationi
684 1350 760 1408 duae
781 1351 873 1408 borae
896 1351 983 1410 datae
1007 1357 1085 1423 sunt,
1113 1351 1279 1410 defensioni
1301 1352 1406 1428 tres1),

88 1475 135 1514 non
155 1463 305 1532 quattuor,
328 1461 443 1512 tautum
467 1453 565 1524 abest,
589 1461 622 1511 ut
644 1453 682 1512 ad
703 1453 874 1528 exemplum
898 1453 975 1511 trabi
997 1453 1107 1530 possit,
1136 1460 1169 1511 ut
1190 1453 1345 1530 probabile
1368 1456 1408 1512 sit

86 1549 260 1634 iniquitatem
282 1557 360 1633 legis
381 1555 525 1614 adversus
548 1555 736 1614 defensorem
758 1558 788 1614 in
811 1575 847 1613 ea
868 1571 986 1632 quoque
1008 1575 1040 1612 re
1063 1557 1154 1626 cerni,
1176 1557 1256 1632 quod
1272 1577 1308 1615 ex
1324 1565 1408 1634 quat-

87 1671 142 1718 tuor
161 1659 244 1720 110110
268 1659 409 1736 legitimis
433 1678 522 1718 unam
543 1657 569 1715 ei
592 1657 730 1717 auferret
773 1659 877 1736 Ipsum
899 1657 1041 1718 horarum
1063 1678 1219 1717 numerum
1242 1659 1407 1735 legitimum

88 1782 130 1820 uec
154 1763 224 1821 satis
258 1771 441 1838 compertum
470 1761 588 1820 aliunde
615 1759 798 1837 habemusl)
827 1779 880 1818 nec
906 1761 1062 1838 probabile
1089 1771 1136 1819 est
1158 1763 1355 1838 aequabiliter
1377 1763 1407 1820 in

87 1865 209 1924 omnibus
238 1865 361 1924 iudiciis
383 1863 420 1922 de
442 1881 477 1920 eo
499 1873 617 1922 cautum
639 1863 742 1922 luisse.
786 1865 1006 1922 Accusatorum
1029 1871 1127 1922 autem
1150 1865 1242 1922 alium
1265 1865 1317 1922 ulii
1340 1883 1407 1941 par·

12 1955 14 1966 ¹
88 1979 134 2026 tem
155 1967 302 2044 temporis
325 1967 383 2025 sibi
404 1965 466 2024 dati
489 1966 651 2024 concedere
673 1966 808 2044 potuisse
830 1965 919 2023 etiam
942 1963 1048 2024 Cicero
1070 1965 1268 2042 significass).

155 2070 283 2129 Aediles
305 2069 337 2128 iu
358 2069 424 2145 lege
439 2087 505 2126 eum
520 2068 562 2125 ita
577 2069 778 2140 nominantur,
803 2075 836 2126 ut
850 2069 961 2144 pariter
976 2075 1065 2145 atque
1080 2069 1168 2126 llviri
1184 2069 1278 2127 creari
1294 2069 1337 2144 (5,
1351 2067 1405 2144 29)
1430 2073 1537 2123 Aediles

87 2174 230 2232 iubeantur
261 2173 433 2248 pariterque
454 2171 664 2230 decurionibus
686 2171 891 2246 obtemperare
918 2169 967 2246 (7,
986 2162 1052 2246 32),
1079 2181 1141 2228 tum
1162 2173 1285 2248 propria
1307 2190 1408 2230 eorum

86 2276 174 2334 olicis
200 2279 475 2334 commemorantur
496 2273 571 2332 iuris
593 2273 684 2332 dictio
707 2273 753 2348 (1,
774 2272 832 2348 29)
855 2281 885 2330 01
905 2274 1249 2344 munitionumiudietio
1272 2274 1323 2349 (3,
1344 2271 1409 2350 29),

87 2397 199 2454 quarum
221 2377 281 2435 illa
302 2383 374 2434 nota
394 2383 454 2449 est,
484 2377 557 2434 baec
581 2385 633 2434 aut
654 2377 757 2452 ignota
778 2383 830 2434 aut
851 2383 930 2434 certe
952 2395 1059 2454 parum
1081 2373 1238 2452 testata⁴).
1283 2375 1410 2434 Videtur

86 2491 172 2540 nmen
194 2477 346 2539 eiusmodi
367 2497 448 2548 cura,
471 2486 630 2556 postquam
652 2479 831 2554 locupletem
854 2486 1005 2537 auctorem
1028 2489 1115 2538 nacta
1133 2487 1189 2550 est,
1211 2487 1290 2538 recte
1306 2479 1410 2538 referri

87 2583 118 2640 ad
135 2584 231 2661 ipsam
249 2581 362 2640 urbem.
394 2579 474 2639 Nam
489 2582 623 2640 munium
638 2580 879 2657 quotidianorum
895 2581 1068 2657 primarium
1084 2601 1183 2640 euram
1198 2581 1311 2640 viarum
1327 2583 1410 2640 urbis

87 2686 303 2744 muniendarum
325 2683 536 2743 verrendarum
559 2683 784 2742 reficiendarum
806 2701 893 2741 nemo
915 2683 1034 2762 ignorat
1054 2685 1174 2762 proprie
1197 2691 1350 2760 spectasse
1373 2684 1410 2742 ad

88 2788 201 2860 aediles;
230 2793 416 2864 quapropter
441 2803 502 2862 quo
524 2786 744 2862 temporariae
774 2785 942 2861 similiaque
965 2805 1025 2845 non
1046 2805 1100 2863 per
1121 2787 1324 2864 redemptores
1346 2805 1409 2844 mu·

88 2889 249 2962 ciebantur,
277 2889 332 2947 sed
353 2888 420 2948 sola
440 2889 549 2947 civium
572 2906 665 2965 opera
685 2908 704 2946 a
725 2889 949 2966 magistratibus
971 2888 1097 2962 indicta,
1124 2889 1246 2948 indictio
1268 2889 1410 2948 aedilium

89 2991 168 3052 inerit
191 3009 319 3052 necesse
345 2999 400 3050 est.
421 3023 461 3034 -
489 2988 550 3051 Sed
576 2997 609 3050 ut
634 2991 707 3049 baec
731 2999 810 3050 reete
837 2993 1019 3050 conveniunt
1044 2991 1082 3050 iis
1105 3011 1182 3068 quae
1205 2991 1241 3050 de
1264 2991 1410 3051 aedilibus

90 3105 235 3170 praeterea
256 3093 368 3152 tradita
388 3093 544 3164 babemus,
566 3093 609 3152 ita
630 3094 737 3152 mirum
757 3103 804 3152 est
817 3094 847 3150 in
864 3093 1057 3153 decurionum
1072 3095 1199 3154 decretis
1214 3095 1359 3153 iaciendis
1375 3095 1411 3154 de

90 3198 169 3256 rebus
189 3197 288 3255 sacris
310 3197 354 3272 (1,
373 3194 436 3271 12),
462 3195 498 3254 (10
521 3205 658 3254 senatore
680 3195 786 3272 populi
806 3195 935 3256 Romani
957 3205 1082 3274 patrono
1104 3198 1260 3274 hospiteve
1282 3195 1411 3256 creando

92 3299 128 3376 (7,
143 3299 189 3358 39.
206 3297 271 3375 52),
294 3298 332 3356 (10
354 3299 481 3376 pecunia
502 3297 622 3375 publica
643 3298 830 3358 decernenda
851 3299 895 3375 (8,
911 3299 965 3375 39)
988 3298 1122 3359 duoviria
1144 3307 1288 3377 perpetuo
1310 3299 1412 3376 aequi·

92 3403 182 3477 parari
203 3401 325 3474 aediles,
348 3419 415 3459 cum
437 3399 529 3458 aedili
550 3401 597 3459 ius
619 3401 765 3460 referendi
788 3421 848 3460 non
869 3401 965 3461 luisse
986 3411 1015 3460 et
1035 3403 1080 3461 rei
1100 3401 1237 3480 publicae
1258 3403 1412 3460 Romanae

92 3505 263 3582 comparatio
289 3501 429 3562 ostendat
454 3512 484 3560 et
510 3504 591 3580 quod
616 3504 646 3562 in
668 3512 713 3562 tot
734 3505 860 3562 decretis
881 3504 1112 3582 municipalibus
1134 3505 1248 3563 nullum
1270 3513 1355 3562 extat
1374 3505 1412 3562 ab

93 3607 230 3666 eiusmodi
251 3607 431 3683 magistratu
452 3605 611 3682 sactum5).
655 3605 796 3678 Accedit,
819 3607 900 3683 quod
922 3605 959 3664 de
980 3619 1106 3684 patrono
1128 3607 1256 3666 creando
1278 3625 1344 3665 cum
1366 3605 1411 3665 bis

93 3719 188 3786 agatur
207 3709 238 3766 iu
260 3709 343 3767 bisce
365 3706 487 3779 tabulis,
510 3708 605 3766 altero
627 3707 694 3766 loco
718 3707 762 3784 (3,
781 3707 832 3784 13)
854 3709 891 3768 (10
913 3729 1001 3768 aare
1024 3709 1115 3768 refert
1129 3709 1206 3768 Ilvir
1228 3710 1339 3786 quique
1357 3727 1412 3785 pro

93 3819 230 3888 potestate
251 3821 305 3884 est,
328 3810 360 3869 id
374 3819 419 3870 est
432 3810 511 3870 Ilvir
525 3811 743 3888 praefectusve,
765 3809 859 3870 altero
882 3810 927 3887 (7,
943 3809 996 3888 39)
1020 3811 1098 3869 llvir
1112 3811 1219 3870 aedilis
1234 3811 1412 3888 praelectus.

163 4078 186 4142 ¹)
213 4081 309 4130 Arcen.
329 4079 357 4130 iu
376 4077 568 4144 1111011037.
587 4081 631 4130 40.
650 4080 694 4129 42.
733 4079 825 4130 Cicero
844 4079 876 4128 de
896 4081 939 4130 fin.
958 4082 1071 4142 4,1,1.
1109 4079 1181 4130 Brut.
1200 4081 1243 4142 94,
1259 4081 1320 4130 324.
1359 4080 1412 4130 Dio

9 4157 15 4172 ’
96 4173 134 4234 10,
148 4173 189 4223 aa.

163 4262 187 4326 ²)
215 4266 244 4316 In
266 4263 467 4329 repetundarum
491 4264 600 4326 iudicio,
626 4264 695 4329 quod
717 4263 749 4314 de
767 4263 798 4314 L.
817 4265 911 4315 Flacco
930 4265 1026 4316 iactum
1046 4271 1099 4328 est,
1125 4265 1292 4332 subscripturi
1310 4279 1413 4316 accusa-

98 4357 322 4408 11011110110100
341 4358 385 4406 lex
404 4356 484 4407 dabat
503 4356 572 4418 (adn.
588 4355 623 4419 3).

164 4447 188 4510 ⁸)
217 4449 306 4501 Cicero
325 4465 373 4514 pro
391 4449 486 4500 Flacco
503 4451 546 4512 32,
562 4451 610 4500 82:
636 4449 678 4499 cai
696 4463 739 4500 sec
757 4447 835 4498 horca
854 4449 951 4500 omniuo
972 4449 1012 4500 lec
1030 4447 1111 4511 dedit,
1134 4457 1250 4517 quantum
1269 4448 1367 4500 tandem
1384 4465 1414 4501 ec

100 4537 133 4588 lis
149 4538 217 4590 boris
234 4540 383 4604 detruderet,
405 4542 430 4591 ri
447 4539 495 4592 tibi
511 4557 601 4592 morem
619 4557 706 4610 perere
725 4541 863 4593 uoluisset!
900 4542 1044 4594 Postulavit
1062 4543 1139 4608 igitur
1159 4543 1259 4593 delator
1276 4544 1379 4594 Laelius
1398 4559 1414 4594 a

100 4631 255 4698 subscriptore
273 4635 406 4697 Deciano,
426 4642 455 4685 ut
477 4641 550 4701 parte
569 4636 692 4700 temporis
712 4635 761 4685 sibi
781 4635 891 4698 cederet,
911 4635 1057 4702 quodcum
1076 4650 1130 4686 nou
1149 4636 1284 4698 obtineret,
1305 4637 1336 4686 de
1356 4652 1413 4702 per·

100 4724 154 4774 fidia
170 4725 275 4777 Deciani
294 4735 398 4793 questus
417 4735 462 4779 est.

166 4815 190 4879 ⁴)
216 4820 434 4886 AMarquardtio
454 4817 618 4871 Stcotcreno.
639 4823 663 4882 1,
683 4820 736 4870 491
763 4819 871 4886 aliisquo
896 4821 939 4887 qui
965 4821 1071 4872 affertur
1095 4821 1167 4872 locus
1188 4821 1326 4887 Papiniani
1351 4821 1413 4887 Dig.

103 4909 326 4974 43,10,1,101((1
345 4921 488 4964 curatorem
507 4914 640 4978 municipii
659 4915 783 4978 pertinet,
803 4929 856 4964 non
876 4913 909 4963 ad
928 4913 1050 4976 aedilcm;
1072 4929 1132 4964 nam
1152 4914 1242 4964 aedilis
1262 4901 1415 4982 ἀγορανόμος

103 5009 141 5062 cst,
163 5017 212 5052 uon
233 4993 377 5072 dururo'pcc.
414 5005 470 5056 Nee
494 5007 575 5072 magis
598 5006 648 5056 buc
672 5007 800 5072 pertinent
819 5006 886 5056 tituli
904 5006 940 5056 ibi
960 5007 1029 5056 citati
1050 5007 1196 5058 Orellianus
1210 5007 1280 5057 3973
1301 5013 1326 5057 et
1343 5007 1366 5056 1.
1379 5006 1413 5056 N.

106 5093 179 5158 14815
206 5110 261 5147 uam
289 5113 348 5148 cum
374 5097 469 5148 aediles
494 5099 522 5148 in
545 5099 591 5148 illo
616 5099 642 5149 in
666 5101 734 5148 vium
760 5105 856 5149 certam
880 5113 1007 5150 summam
1031 5100 1133 5150 dedisse
1156 5099 1286 5162 dieantur,
1314 5100 1341 5148 in
1364 5098 1414 5148 boc

105 5186 164 5235 riam
187 5185 301 5256 imusque
325 5189 427 5252 iecisse,
452 5191 488 5240 ibi
513 5191 608 5242 diserte
632 5191 737 5242 additur
757 5192 784 5242 id
803 5207 847 5241 eos
866 5191 958 5242 iecisse
978 5190 1008 5242 ob
1027 5191 1156 5255 bonorem,
1181 5193 1224 5242 bic
1242 5208 1302 5242 vero
1320 5191 1414 5257 proba·

106 5275 181 5328 biliter
202 5279 264 5331 idem
289 5282 452 5348 intellegitur.
490 5284 529 5334 At
552 5298 617 5349 quae
641 5283 675 5334 ob
699 5283 824 5334 bonorem
849 5285 928 5346 fiunt,
955 5301 1007 5336 nou
1031 5287 1095 5336 liunt
1118 5301 1165 5350 pro
1189 5291 1323 5350 potestate.
1359 5285 1414 5336 Nec

107 5371 179 5435 magis
195 5373 264 5424 utiles
283 5382 341 5426 sunt
360 5375 428 5425 tituli
446 5375 542 5428 similes
561 5373 614 5438 alii,
633 5383 661 5426 ut
679 5377 758 5427 vell
776 5377 879 5428 (1.604.
896 5379 976 5428 1490.

175 5459 197 5524 ⁵)
222 5465 285 5518 Vide
304 5483 396 5520 comm.
416 5483 502 5520 meum
522 5469 556 5520 ad
574 5470 643 5536 leges
661 5469 765 5521 Flavias
783 5485 809 5536 p.
830 5471 891 5522 444.
