3504 6004
362 669 670 724 onsuavsnronns
697 670 970 724 nercnnrsronn
989 670 1095 724 xvrn.
1322 651 1393 722 269

159 845 367 925 supplementa
392 847 575 906 carminibus
602 846 704 905 addita
732 865 913 924 quamquam
945 863 1001 923 pro
1027 865 1059 906 re
1093 845 1131 904 ad
1158 846 1280 906 verbnm
1311 866 1397 924 prae·

86 951 150 1009 stari
180 957 340 1026 nequeunt,
381 968 480 1008 rerum
523 958 699 1028 argumenta
740 949 1013 1025 sententiarumque
1052 947 1187 1007 ordinem
1228 967 1397 1026 nexumque

85 1052 271 1132 Buechelerus
294 1054 360 1114 sine
384 1053 475 1112 dubio
497 1053 541 1112 ita
562 1053 725 1112 adsecutus
748 1061 802 1123 est,
826 1059 859 1110 ut
879 1070 1031 1132 perpauca
1045 1051 1113 1126 sint,
1136 1052 1296 1129 dequibus
1318 1053 1399 1112 iusta

87 1156 215 1214 dubitatio
236 1157 376 1232 supersit.

153 1257 249 1317 Primo
278 1259 410 1318 carmine
432 1265 580 1336 quatenus
606 1257 740 1336 intellegi
767 1265 869 1336 potest
895 1258 1022 1317 victoria
1048 1257 1085 1316 de
1107 1257 1299 1317 Tacfarinate
1322 1257 1397 1318 cele·

85 1361 173 1420 beatur
192 1362 221 1420 in
243 1361 425 1421 universum.
552 1365 556 1372 '

156 1462 288 1525 Secundo
316 1465 469 1524 dedicatur
495 1482 557 1524 non
582 1471 829 1540 tempraetexta
858 1463 1069 1536 sacerdotalis,
1100 1463 1215 1522 scilicet
1247 1484 1284 1524 ea
1308 1484 1398 1542 quam

83 1567 192 1642 primam
218 1566 357 1628 induerat
379 1566 546 1628 Caesianus
568 1568 730 1646 septemvir
758 1567 847 1644 epulo
874 1586 893 1624 a
921 1566 968 1625 Ti.
992 1563 1123 1625 Caesare
1144 1575 1276 1638 creatus,
1309 1585 1398 1642 quam

85 1669 197 1744 Apronii
218 1669 271 1728 filii
294 1671 410 1746 efligies
431 1679 591 1746 praetexta
611 1689 647 1728 ea
669 1669 780 1740 induti;
814 1687 849 1726 eo
872 1669 951 1728 enim
978 1668 1060 1728 ducit
1086 1669 1167 1744 quod
1194 1681 1239 1728 est
1260 1688 1288 1728 v.
1313 1670 1330 1728 3
1354 1670 1399 1728 liic

84 1773 145 1829 idern
156 1775 222 1846 suit.
266 1770 405 1832 Conierri
433 1779 533 1849 potest
560 1773 639 1849 quod
667 1773 710 1830 ait
736 1772 876 1832 Valerius
909 1753 1065 1830 Maximus¹
1090 1772 1119 1842 3,
1142 1774 1168 1844 1,
1192 1773 1222 1829 1:
1259 1771 1399 1832 Aemiliae

84 1871 197 1949 Lepidm
217 1894 291 1952 puer
320 1879 461 1934 etiamtum
479 1893 652 1952 progressus
678 1879 709 1932 ia
734 1879 824 1933 aciem
850 1875 955 1934 losum
983 1877 1130 1946 interemit,
1159 1878 1245 1934 musta
1266 1878 1398 1948 servavit,

84 1979 151 2035 cuim
171 2019 179 2034 .
201 2021 208 2035 .
232 2021 240 2035 .
264 1981 359 2054 operia
386 1979 471 2037 indes
498 1989 540 2038 est
564 1983 595 2036 ia
628 1977 772 2054 Capitolio
799 1985 897 2036 statua
919 1977 1029 2036 bullata
1060 1988 1085 2036 et
1105 1980 1231 2037 incincta
1249 1986 1400 2053 praetecta
1441 2019 1443 2024 -

83 2081 329 2140 senatusconsulto
353 2085 469 2156 posita,
501 2081 571 2140 item
593 2097 733 2140 nummus
756 2099 821 2138 eam
844 2087 975 2138 statuam
996 2097 1167 2158 proponens
1189 2079 1290 2138 addito
1312 2079 1399 2138 titulo

83 2179 117 2237 111.
138 2181 263 2260 Lepidae
285 2183 453 2260 nnmerum)
482 2183 551 2244 XV
566 2181 768 2260 pr(ogreasua)
789 2181 923 2258 Moetem)
950 2182 1079 2258 o(ceidit)
1108 2181 1223 2258 c(ivem)
1247 2181 1398 2258 s(emavit)

82 2281 153 2356 (rim.
187 2285 369 2344 Meinzweeeo
402 2306 433 2362 p.
461 2285 545 2362 634).
585 2319 622 2329 -
672 2283 838 2362 Utriusque
870 2284 1030 2362 fragmenti
1065 2285 1212 2362 reliquiae
1248 2283 1399 2362 quomodo

81 2388 319 2462 coagmentandae
341 2389 410 2460 sint,
436 2389 620 2466 intellegitur
645 2388 775 2446 maxime
798 2404 837 2446 ex
858 2387 946 2446 huius
969 2388 1110 2446 carminis
1139 2407 1166 2445 v.
1189 2389 1223 2462 4,
1251 2387 1302 2446 ubi
1322 2388 1399 2446 inter

81 2503 108 2544 se
127 2499 314 2567 opponuntur
334 2500 507 2570 praetextae
529 2491 606 2550 duae
627 2489 750 2568 puerilis
772 2490 872 2568 posita
893 2497 923 2548 et
944 2489 1138 2548 sacerdotalis
1160 2499 1289 2566 sumpta.

153 2593 256 2652 Tertia
277 2594 389 2672 pagina
409 2594 467 2652 duo
496 2595 713 2672 epigrammata
734 2594 873 2665 continet,
910 2611 1037 2669 quorum
1058 2593 1152 2650 altero
1172 2592 1253 2651 filius
1283 2591 1402 2651 dedicet

82 2693 313 2774 effigiempatris
335 2715 483 2755 unacum
511 2697 603 2756 armis
630 2714 708 2772 quae
734 2695 830 2772 gessit
857 2697 887 2754 in
914 2711 1016 2772 pugne
1043 2694 1097 2752 illa
1121 2691 1279 2768 Africana,
1306 2694 1400 2752 altero

82 2807 155 2871 pater
173 2799 313 2876 filiusque
335 2799 465 2878 effigiem
487 2798 611 2859 Tiberii.
634 2831 673 2842 —
711 2797 760 2857 Ad
782 2817 809 2856 v.
834 2797 851 2855 7
874 2798 911 2856 cf.
934 2797 1061 2857 Ovidius
1083 2815 1123 2855 ex
1144 2797 1242 2857 Ponto
1265 2798 1294 2870 4,
1306 2797 1399 2868 7,38ι

80 2917 195 2978 parsque
208 2903 274 2976 sere
296 2905 375 2960 acati
395 2901 511 2960 vulnere
532 2901 615 2960 nulla
636 2911 728 2960 vacat.
765 2933 807 2943 -
848 2899 979 2958 Hastam
1000 2919 1038 2958 ne
1060 2899 1127 2976 quis
1149 2899 1310 2960 contendet
1330 2899 1399 2956 duci

83 2999 208 3062 Romano
235 3023 341 3082 parum
369 3005 536 3077 convenire,
564 3003 765 3062 Buechelerus
792 3004 865 3062 haec
886 3003 1060 3080 adscripsit:
1095 2999 1195 3077 ‘Quod
1217 3003 1248 3060 in
1269 3000 1400 3060 nummis

81 3099 233 3184 ‘Augustus
255 3107 370 3166 hastam
392 3115 474 3165 tenet
496 3116 527 3166 ut
547 3106 645 3165 Roma
671 3105 728 3164 dea
749 3105 871 3183 aliique,
892 3105 923 3163 id
944 3105 1072 3164 fortasse
1098 3125 1159 3164 non
1182 3105 1220 3164 ad
1242 3105 1334 3163 vitam
1356 3103 1401 3161 in·

81 3201 215 3268 ‘salutum
242 3219 304 3281 est,
336 3209 389 3268 sed
411 3210 449 3268 ad
481 3217 591 3282 artem3
625 3229 680 3268 nec
711 3209 779 3286 plus
801 3208 991 3268 tribuendum
1023 3217 1070 3266 est
1098 3218 1205 3286 poetae
1228 3206 1401 3284 (Propertio

79 3303 204 3387 ‘5‚t,56)
238 3314 410 3389 Augustum
432 3312 463 3371 in
484 3329 585 3390 pugna
601 3312 725 3370 Actiaca
746 3311 790 3371 sic
816 3311 937 3370 facienti
953 3329 1018 3368 cum
1034 3311 1177 3388 Apolline
1192 3328 1402 3388 prorumpere:

82 3407 209 3486 ‘memma
240 3424 308 3490 poet
334 3433 419 3473 arcus
453 3414 586 3474 Caesarie
620 3415 704 3474 basta
724 3417 793 3490 suit.
848 3416 891 3472 At
923 3414 1102 3472 monstravit
1134 3415 1207 3472 mibi
1233 3413 1401 3473 Kelruleius

80 3507 195 3592 ‘collega
215 3515 378 3576 Traianum
400 3518 516 3576 hastam
538 3517 717 3576 iaculantem
745 3518 776 3576 in
796 3517 913 3574 hostem
935 3517 966 3574 in
991 3533 1077 3574 arcus
1102 3516 1292 3594 triumphalis
1314 3517 1403 3576 hodie

80 3609 266 3678 ‘Constantini
290 3619 420 3696 imagine
442 3619 572 3694 (Bartoli
593 3620 698 3678 admir.
715 3619 774 3678 tab.
793 3621 847 3690 113
869 3619 993 3678 Resaini
1009 3619 1092 3678 archi
1105 3619 1237 3694 trionsnli
1258 3619 1317 3678 tab.
1337 3619 1401 3696 73).

80 3717 191 3778 ‘ibidem
217 3721 352 3798 (Bartoli
379 3723 438 3782 tab.
462 3721 518 3792 1e;
549 3721 672 3780 Rossini
699 3722 759 3780 tab.
780 3721 829 3793 71,
852 3721 890 3796 5)
924 3722 1053 3779 cernitur
1082 3721 1166 3780 iuxta
1192 3722 1402 3798 imperatorem

81 3816 165 3882 ‘stans
199 3823 273 3898 dux,
297 3825 468 3897 Romanus,
496 3825 614 3901 legatus
645 3835 677 3882 ut
703 3823 821 3884 videtur
846 3823 1035 3895 tribunusve,
1063 3821 1180 3882 hastam
1207 3833 1321 3883 tenens.
1366 3824 1401 3882 In

81 3915 213 3986 ‘columna
233 3927 359 3986 Traiani
381 3927 553 3986 Frocbnero
575 3933 652 3985 teste
673 3947 701 4004 p.
719 3927 757 3985 93
791 3926 930 3984 editionis
958 3926 1081 3984 minoris
1102 3926 1265 4002 imperator
1284 3927 1401 3986 hastam

83 4021 263 4104 '(anjavelot)
286 4038 387 4100 tenet,
408 4049 497 4106 quam
519 4029 603 4087 utin
626 4029 849 4106 oppugnatione
876 4027 993 4087 castelli
1019 4029 1071 4086 vix
1096 4029 1257 4088 credideris
1284 4030 1402 4088 hastam

83 4120 194 4202 ‘puram
236 4131 336 4190 Etiam
360 4129 475 4192 Statius
498 4131 565 4190 silv.
582 4132 611 4204 3,
628 4130 656 4202 2,
675 4132 712 4190 16
736 4131 772 4190 de
795 4129 900 4191 Celere
922 4131 1022 4208 legato
1044 4132 1175 4208 Augusti
1202 4130 1292 4208 quid?
1312 4135 1402 4208 sortis

83 4225 98 4286 ‘.
118 4273 124 4288 .
147 4276 154 4289 .
175 4235 286 4307 iaculo,
319 4234 394 4294 nihil
428 4234 511 4292 aliud
542 4252 691 4292 marorum
723 4233 865 4293 adiciens.
922 4232 1059 4310 Denique
1097 4241 1129 4291 ut
1161 4251 1251 4310 neges
1284 4233 1402 4314 hastam

84 4325 160 4393 ‘inter
170 4336 301 4415 legitima
320 4357 404 4396 arma
414 4336 543 4414 Apronii
557 4338 644 4414 pueri
658 4335 762 4408 luisse,
785 4354 966 4413 quamquam
982 4354 1042 4394 non
1056 4335 1177 4412 negabit
1198 4337 1249 4412 qui
1263 4336 1402 4413 inspexe-

84 4426 123 4493 ¹rit
136 4447 322 4498 monumenta
332 4440 396 4510 illa,
414 4439 512 4515 potuit
525 4440 663 4516 gregario
673 4459 738 4498 eam
749 4439 894 4516 eripuisse
916 4439 998 4497 etita
1012 4456 1220 4496 consummare
1232 4433 1402 4516 tropaeum.'

86 4565 120 4578 -
135 4541 169 4599 10
183 4542 214 4600 in
235 4557 324 4602 rosvl
340 4541 412 4618 quid
428 4541 509 4612 insit,
532 4541 606 4600 setis
622 4541 746 4618 adsequi
761 4559 821 4600 non
835 4541 995 4618 potuimus.
1039 4539 1142 4598 Potuit
1156 4541 1213 4599 boc
1228 4541 1294 4599 loco
1309 4542 1403 4600 nomi·

85 4643 140 4699 nari
164 4643 223 4703 dux
249 4643 449 4702 Numidarum
479 4645 517 4701 ab
543 4644 679 4719 Apronio
706 4644 878 4703 interiectus
906 4650 936 4702 et
961 4643 992 4700 in
1023 4643 1127 4702 tabula
1153 4645 1267 4720 scripta
1292 4643 1402 4702 litteris

86 4745 174 4816 pravis
202 4747 380 4806 vocabulum
414 4745 537 4823 aliquod
563 4745 769 4818 Numidicum,
807 4756 840 4804 ut
871 4753 918 4804 est
938 4745 1036 4804 Bocat
1067 4745 1127 4822 (sic
1160 4745 1239 4804 enim
1266 4745 1402 4823 Bogudis

87 4846 155 4920 regis
175 4869 283 4909 nomen
304 4850 417 4908 nummi
440 4848 626 4924 enuntiant),
653 4868 672 4906 a
694 4847 863 4909 Gualthero
890 4867 958 4906 curn
981 4866 1016 4906 eo
1044 4849 1125 4924 quod
1147 4847 1229 4907 dedit
1250 4849 1401 4908 confundi.

88 4940 138 5004 Sed
156 4951 294 5030 religioni
315 4951 373 5010 init
395 4952 596 5010 coniecturam
618 4961 680 5010 tam
701 4953 844 5010 incertam
867 4969 966 5008 rerum
988 4949 1150 5009 memoriae
1171 4949 1280 5009 inferre
1302 4953 1403 5029 itaque

87 5045 111 5102 ld
135 5053 303 5127 posuimus,
333 5053 415 5131 quod
443 5061 475 5112 ut
504 5053 634 5113 fortasse
661 5072 720 5114 non
743 5054 839 5131 magis
867 5072 969 5112 verum
1004 5061 1065 5125 eat,
1098 5061 1178 5111 certe
1205 5071 1311 5111 nocere
1343 5073 1402 5113 uon

88 5159 181 5224 potest.
1105 5155 1165 5215 ΤΗ.
1188 5155 1360 5218 Mounsnn.
