3520 6006
325 575 397 646 134
756 594 1065 647 Annrsannuuvu
1081 595 1167 648 von.
1187 595 1217 648 11

1496 695 1649 704 *-

319 768 367 826 cia
387 769 554 827 ordinanda
574 775 708 828 sanctum
730 786 808 840 esse,
831 769 941 846 quibas
963 770 1000 829 de
1021 770 1121 828 causis
1143 769 1174 828 in
1196 777 1302 828 senatu
1323 769 1375 846 qui
1391 778 1494 827 essent
1512 786 1531 825 a
1547 783 1653 826 censo-

319 871 403 928 ribus
428 869 646 947 eicerentur-1),
677 872 716 930 ad
745 871 913 930 censoriam
940 872 977 929 de
1005 873 1194 932 senatoribus
1221 871 1369 930 notionem
1399 887 1579 948 expressum
1609 877 1656 927 est

320 980 350 1030 et
376 973 414 1030 ab
440 973 552 1032 indicio
578 975 699 1050 publico
725 975 850 1034 huiusce
876 973 953 1050 legis
976 975 1137 1033 diversum.
1182 971 1300 1047 Quibus
1322 973 1358 1032 de
1380 974 1481 1032 causis
1503 971 1655 1030 eiusmodi

319 1076 471 1134 accusatio
491 1076 557 1135 fieri
578 1077 723 1153 potnerit,
749 1076 884 1153 exlegis
906 1077 1041 1152 reliquIIs
1063 1095 1124 1136 non
1147 1085 1281 1153 apparet,
1303 1075 1416 1153 quippe
1436 1093 1514 1151 quae
1535 1083 1656 1152 praeter

318 1187 409 1254 caput
433 1178 508 1236 illud
533 1179 670 1254 generale
697 1197 757 1237 uon
783 1179 914 1238 habeant
938 1179 998 1238 nisi
1025 1178 1084 1236 duo
1111 1179 1172 1236 alia
1192 1177 1329 1238 CXXIII
1354 1177 1391 1237 de
1412 1177 1603 1237 absolutione
1625 1183 1657 1236 et

320 1278 456 1338 CXXIV
479 1281 515 1340 de
537 1281 679 1358 praemiis
701 1255 908 1340 accusatorum
931 1282 961 1338 iu
983 1280 1093 1340 iudicio
1117 1281 1153 1338 de
1172 1281 1359 1358 indignitate.
1396 1278 1537 1357 Capitum
1553 1287 1655 1338 autem

319 1381 394 1440 ordo
421 1383 478 1441 etsi
506 1383 608 1442 multis
635 1383 710 1442 locis
738 1384 768 1440 in
796 1383 852 1442 hac
878 1383 945 1460 lege
966 1400 1039 1442 casu
1060 1383 1156 1459 magis
1178 1403 1267 1460 quam
1290 1381 1415 1442 conellio
1437 1381 1563 1442 effectus
1586 1399 1656 1440 esse

319 1484 450 1558 videtur,
476 1485 550 1544 haec
572 1505 588 1543 e
610 1487 759 1544 contrario
780 1485 824 1544 ita
845 1495 1019 1561 comparata
1039 1503 1108 1545 esse
1129 1487 1279 1558 invenies,
1302 1485 1432 1544 maxime
1454 1484 1569 1542 collnta
1589 1484 1656 1559 lege
1698 1545 1705 1564 ·

318 1588 560 1664 repetundarum,
582 1589 632 1647 ubi
655 1588 793 1647 similiter
814 1588 913 1664 agitur
935 1587 972 1646 de
993 1606 1045 1647 reo
1067 1589 1251 1646 absolvendo
1273 1606 1300 1644 v.
1317 1588 1367 1646 54.
1384 1587 1434 1657 55,
1456 1587 1493 1645 de
1510 1586 1656 1664 praemiis

300 1682 526 1750 'accusatorum
553 1691 584 1748 in
613 1698 749 1750 extrema
775 1690 840 1768 lege
868 1709 895 1748 v.
917 1691 1024 1766 ldsq.,
1053 1701 1087 1749 ut
1112 1691 1253 1750 iudicium
1280 1691 1317 1750 de
1342 1689 1519 1766 indignitate
1549 1687 1657 1746 ordine

319 1793 487 1868 expositum
511 1793 605 1852 luisse
627 1793 764 1852 videatur
785 1812 803 1850 a
824 1811 850 1850 c.
866 1790 923 1852 CV
937 1791 977 1850 ad
995 1790 1143 1863 CXXIV,
1165 1794 1293 1871 primum
1315 1811 1419 1850 eornm
1441 1801 1657 1868 postremaque

319 1893 377 1952 duo
400 1913 574 1970 superesse,
596 1894 695 1954 media
717 1893 903 1954 intercidisse
925 1903 955 1952 et
975 1895 1006 1952 in
1028 1895 1076 1952 his
1098 1913 1257 1954 cansarum
1278 1893 1466 1972 indignitatis
1488 1893 1659 1954 enarratio·

318 2017 395 2056 nem.
440 1996 529 2070 Quod
557 1998 584 2056 si
610 1997 653 2056 ita
679 2006 740 2068 est,
767 2015 843 2074 qnae
866 2004 1028 2075 supersunt
1049 1998 1147 2072 prima
1166 1999 1260 2056 verba
1280 2016 1305 2055 c.
1322 1994 1392 2055 CVI
1414 2015 1481 2055 cum
1504 2003 1598 2073 agant
1618 1995 1659 2052 de

318 2101 426 2158 colono
448 2100 501 2177 qui
524 2108 640 2159 coetum
663 2107 843 2158 conventum
865 2099 1101 2158 coniurationem
1122 2099 1227 2158 lecerit
1247 2099 1372 2176 (quibus
1392 2099 1490 2157 verbis
1512 2098 1659 2157 maiesta-
1757 2169 1758 2174 η

317 2204 358 2260 tis
380 2204 492 2262 crimen
509 2203 628 2261 videtur
649 2200 878 2278 significari)’),
900 2202 1029 2260 sortasse
1051 2202 1081 2260 id
1103 2203 1203 2279 ipsum
1224 2201 1438 2261 numerabatur
1452 2201 1530 2260 inter
1545 2217 1658 2259 causas

281 2343 285 2351 ·
318 2304 514 2382 indignitatis.
537 2339 574 2349 -
603 2302 741 2364 Ceterum
769 2305 850 2380 quod
876 2305 927 2364 lex
955 2304 1123 2362 accusatori
1150 2305 1309 2382 permittit,
1336 2303 1362 2362 si
1384 2305 1449 2381 ipse
1470 2303 1594 2362 decurio
1616 2303 1660 2360 sit
1757 2295 1758 2348 ἒ

317 2408 476 2484 locumque
502 2409 533 2466 in
560 2407 664 2466 ordine
688 2407 861 2466 inferiorem
890 2425 980 2482 quam
1010 2407 1036 2464 is
1063 2425 1152 2483 quem
1174 2415 1295 2466 accusat
1319 2413 1435 2478 teneat,
1461 2407 1493 2464 in
1515 2405 1657 2464 condem·

318 2511 381 2570 nati
402 2510 501 2569 locum
522 2518 556 2569 nt
577 2509 732 2582 succedat,
759 2527 935 2586 expressum
963 2519 1010 2567 est
1034 2529 1073 2568 ex
1095 2509 1211 2586 legibus
1231 2509 1392 2581 Romanis,
1420 2527 1546 2585 qnarnm
1568 2525 1658 2584 prae-

318 2613 387 2672 miis
410 2620 599 2672 accusatores
620 2615 795 2689 praetoriam
817 2617 983 2671 sententiam
1004 2622 1030 2672 et
1047 2622 1226 2688 praetentata
1247 2621 1341 2688 tapam
1359 2613 1502 2688 consequi
1515 2611 1658 2688 potuisse

320 2713 466 2791 Cicero³)
488 2721 625 2773 testatur.
1757 2695 1758 2698 ¹

179 2826 307 2876 Decurio-
403 2817 454 2875 Ex
480 2817 547 2892 ipso
569 2817 673 2874 harum
696 2817 865 2876 tabularum
887 2817 1035 2896 principio
1057 2817 1236 2894 perspicitur
1256 2817 1447 2876 decurionem
1470 2815 1656 2874 domicilium
1757 2849 1758 2884 2

189 2916 253 3038 ἓξὲξ
256 2902 298 3023 (1³3¹
321 2919 429 2978 babere
452 2919 624 2995 oportuisse
644 2919 675 2976 in
698 2920 808 2998 oppido
831 2921 994 2996 propiusve
1014 2919 1044 2977 id
1066 2921 1212 2997 oppidum
1232 2938 1262 2996 p.
1278 2920 1319 2989 Μ,
1342 2917 1439 2994 utqui
1454 2937 1515 2976 non
1529 2917 1659 2976 haberet
1757 2939 1758 2988 l

191 3048 298 3098 domiu-
319 3039 405 3080 annrs
419 3021 448 3080 V
462 3021 608 3097 proximis
631 3029 790 3098 postquam
814 3009 935 3080 decurio
956 3021 1054 3081 factus
1076 3033 1139 3094 est,
1162 3023 1226 3081 eins
1248 3041 1356 3081 nomen
1379 3022 1414 3079 de
1438 3021 1657 3080 decurionibus
1757 3053 1758 3080 ι

212 3122 276 3172 lium
320 3123 510 3183 eximendum
537 3141 641 3182 curare
663 3123 753 3182 IIviri
779 3124 960 3184 iuberentur.
1005 3123 1158 3202 Oppidum
1184 3131 1287 3182 notum
1310 3133 1357 3183 est
1377 3123 1415 3182 ab
1438 3124 1512 3182 urbe
1533 3125 1580 3183 ita
1601 3123 1658 3182 dif—
1757 3155 1758 3158 ι

320 3227 414 3300 ferre,
436 3237 469 3286 nt
490 3245 509 3284 a
531 3226 718 3285 senatoribus
739 3225 881 3285 differunt
902 3227 1093 3299 decuriones;
1120 3227 1306 3305 significatur
1327 3229 1369 3286 ita
1389 3227 1474 3286 locus
1495 3225 1658 3284 moenibus

320 3329 523 3406 conclusus⁴)
544 3329 689 3388 vocabulo
716 3329 814 3388 minus
840 3329 1004 3388 honorifico
1031 3339 1061 3388 et
1086 3339 1245 3408 propterea
1265 3331 1296 3388 in
1319 3329 1445 3423 coloniis
1468 3327 1659 3406 manicipiis·

193 3437 292 3558 Pigpns
320 3450 379 3508 que
396 3431 544 3492 sollemni.
582 3429 755 3490 Clausulam
778 3431 862 3490 illam
884 3450 920 3490 eo
942 3431 1072 3505 tendere,
1094 3441 1127 3490 ut
1148 3431 1269 3490 decurio
1291 3431 1322 3491 in
1345 3433 1456 3490 curiam
1479 3437 1607 3489 vocatus
1630 3431 1657 3488 si
1757 3421 1758 3472 ἶ

190 3525 293 3574 capum
322 3534 328 3550 ·

185 3599 201 3632 a
220 3585 294 3633 decu·
320 3554 364 3592 ἰθ
386 3534 487 3604 ΠΟῙῙθῖ,
509 3541 646 3612 prompte
669 3533 737 3612 cogi
758 3545 862 3609 posset
882 3555 901 3594 a
917 3533 1016 3592 IIviro
1039 3535 1164 3610 pignore
1186 3543 1275 3612 capto
1296 3535 1348 3592 lex
1371 3535 1535 3611 significat;
1558 3551 1657 3610 neque
1757 3599 1758 3618 Χ

208 3659 280 3708 riona
319 3637 455 3714 ignotam
481 3646 529 3695 est
554 3636 703 3695 eiusmodi
729 3636 775 3695 ius
802 3638 997 3714 meginratus
1023 3636 1166 3696 adversus
1195 3643 1362 3696 senatorem
1384 3635 1655 3714 infrequentem5).
1757 3703 1758 3712 ἵ

396 3999 419 4063 ¹)
448 4001 549 4051 Plinius
569 4015 609 4066 ep.
629 4003 663 4051 ad
682 4003 753 4053 Trai.
770 4002 831 4051 114.
848 4002 909 4052 115.

396 4089 421 4155 ²)
449 4093 489 4142 Cf.
509 4093 571 4158 Dig.
590 4093 639 4156 48,
654 4097 685 4156 4,
701 4095 731 4155 1,
748 4099 776 4143 1:
801 4094 941 4144 maiestatis
964 4095 1057 4144 crimen
1077 4129 1101 4143 ..
1122 4100 1159 4144 est
1241 4109 1288 4160 quo
1308 4099 1391 4144 caetra
1410 4100 1575 4143 conventrense
1586 4094 1654 4160 fiat;

318 4187 336 4236 l.
350 4187 381 4236 4:
401 4185 520 4252 cuiusque
539 4183 682 4236 dolomate
702 4186 811 4236 iurando
831 4187 887 4253 quis
906 4185 1013 4236 adactus
1030 4193 1074 4246 est,
1096 4202 1143 4252 qna
1163 4185 1286 4236 adversae
1303 4183 1498 4252 rempublicam
1510 4184 1608 4250 saciat.

397 4275 422 4340 ³)
450 4278 502 4328 Pro
521 4277 605 4328 Balbo
626 4279 674 4340 25,
695 4277 738 4329 bl.
776 4279 841 4328 Dixi
864 4279 897 4328 de
921 4280 976 4328 eius
995 4279 1066 4328 modi
1085 4281 1207 4342 praemIIs
1225 4280 1259 4328 ad
1278 4279 1342 4343 legis
1361 4279 1561 4343 repetundarum
1580 4293 1604 4327 v.
1620 4277 1653 4327 77

321 4371 351 4420 0.
366 4371 459 4421 1.1,.1
479 4387 505 4436 p.
521 4373 556 4420 70

397 4460 422 4524 ⁴)
450 4465 537 4514 Varro
556 4465 587 4526 5,
610 4466 676 4515 141ι
700 4479 800 4514 maenaa
824 4481 871 4532 pua
896 4461 1044 4531 saepiebant
1067 4461 1193 4530 oppidum.
1232 4463 1284 4513 Pro
1304 4477 1335 4511 eo
1355 4463 1425 4528 quod
1444 4469 1483 4512 eet
1501 4463 1529 4512 in
1548 4478 1608 4512 aere
1627 4464 1655 4511 ιἰι

320 4571 351 4605 ea
373 4555 421 4606 eol.
442 4555 535 4623 oppido
559 4565 627 4607 recte
652 4559 745 4623 opinor
762 4557 893 4621 Berlanga
916 4556 1063 4606 emendavit
1086 4557 1113 4604 in
1136 4557 1190 4606 elas
1208 4553 1343 4618 endendae)
1363 4553 1470 4622 oppida,
1495 4557 1654 4606 nemetiam

321 4649 352 4710 ³,
368 4647 401 4698 37
423 4656 462 4699 est
485 4665 549 4718 quae
573 4665 653 4716 aquae
670 4651 698 4699 in
717 4648 810 4717 oppido
830 4647 965 4710 colan(iae)
988 4645 1142 4710 Gen(etr'r·ae)
1162 4645 1326 4698 adducenter.
1363 4648 1446 4698 Plane
1465 4649 1549 4698 simile
1568 4655 1653 4697 minen

320 4739 445 4790 eiusmodi
469 4741 606 4793 locutionis
630 4744 776 4808 exemplum
803 4741 865 4791 alibi
890 4756 943 4790 non
967 4742 1082 4806 repperi,
1111 4741 1171 4790 licet
1195 4755 1261 4806 quae
1287 4741 1319 4790 de
1345 4739 1442 4805 oppido
1467 4739 1651 4790 Brltannorum

321 4831 418 4882 Caesar
435 4833 460 4882 b.
475 4833 544 4886 Gall.
559 4835 584 4898 5,
600 4837 632 4885 21
653 4835 740 4898 hebet,
762 4833 954 4900 quodammodo
974 4835 1051 4882 etiam
1071 4835 1189 4884 coloniae
1209 4832 1305 4898 oppido
1325 4833 1526 4898 patrocinentur.

397 4923 421 4987 ⁵)
449 4925 489 4976 Cl.
508 4927 565 4977 Liv.
580 4927 610 4990 3,
626 4929 675 4979 38ι
691 4935 795 4994 pateam
813 4924 884 4976 laud
894 4925 954 4990 sere
972 4926 1102 4992 qnisquam
1120 4927 1148 4974 in
1158 4925 1235 4990 soro,
1256 4927 1283 4975 in
1303 4923 1363 4975 arbe
1381 4926 1440 4976 rare¹
1457 4933 1544 4975 erant:
1569 4922 1651 4990 indiq-

318 5018 398 5067 aitate
415 5033 497 5067 reram
517 5026 645 5070 cesserant
661 5021 689 5069 ln
708 5035 786 5086 apros
880 5025 1013 5084 postquam
1033 5018 1107 5068 citati
1124 5035 1173 5068 non
1192 5015 1381 5081 conveniebant,
1402 5017 1502 5068 duniaci
1519 5018 1590 5067 drea
1608 5015 1652 5065 dc·

269 5153 272 5168 ,
318 5125 371 5160 anos
395 5111 557 5176 apparitores
580 5111 654 5162 arnul
677 5111 713 5161 ad
729 5112 845 5178 pipncra
862 5109 988 5178 capienda
1005 5109 1243 5176 adamantinasque,
1270 5127 1328 5161 nam
1348 5109 1460 5160 ecumbe
1480 5109 1652 5160 detrectarem.

319 5201 431 5267 rq‘aant
454 5210 564 5254 aenam
588 5207 615 5255 in
640 5205 712 5270 apide
734 5219 795 5253 esse.
838 5203 880 5252 De
903 5203 983 5252 malta
1007 5205 1121 5253 senatori
1146 5210 1251 5269 propter
1273 5204 1473 5269 infrequentiam
1497 5201 1652 5268 iniurqenda

320 5295 443 5346 dixerunt
460 5295 561 5348 Becker
580 5303 606 5347 et
623 5297 778 5361 Marqnardt
797 5295 894 5346 enchIr.
910 5297 934 5356 2,
951 5297 1053 5358 2,106.
1074 5299 1100 5358 2,
1115 5297 1141 5359 3,
1156 5295 1218 5346 225.
