<?xml version="1.0" encoding="UTF-8"?>
<!DOCTYPE html PUBLIC "-//W3C//DTD XHTML 1.0 Transitional//EN"
    "http://www.w3.org/TR/xhtml1/DTD/xhtml1-transitional.dtd">
<html xmlns="http://www.w3.org/1999/xhtml" xml:lang="en" lang="en">
 <head>
  <title>
</title>
<meta http-equiv="Content-Type" content="text/html;charset=utf-8" />
  <meta name='ocr-system' content='tesseract 3.04.00' />
  <meta name='ocr-capabilities' content='ocr_page ocr_carea ocr_par ocr_line ocrx_word'/>
</head>
<body>
  <div class='ocr_page' id='page_1' title='image "./ephemerisepigra09instgoog_0228.png"; bbox 0 0 3504 6004; ppageno 0'>
   <div class='ocr_carea' id='block_1_1' title="bbox 477 695 991 750">
    <p class='ocr_par' dir='ltr' id='par_1_1' title="bbox 477 695 991 750">
     <span class='ocr_line' id='line_1_1' title="bbox 477 695 991 750; baseline -0.002 -4"><span class='ocrx_word' id='word_1_1' title='bbox 477 695 605 747; x_wconf 81' lang='lat' dir='ltr'><strong>ADDIT.</strong></span> <span class='ocrx_word' id='word_1_2' title='bbox 623 695 677 746; x_wconf 87' lang='lat' dir='ltr'><strong>AD</strong></span> <span class='ocrx_word' id='word_1_3' title='bbox 695 696 844 750; x_wconf 86' lang='lat' dir='ltr'>INDICES</span> <span class='ocrx_word' id='word_1_4' title='bbox 863 696 946 748; x_wconf 91' lang='lat' dir='ltr'>VOL.</span> <span class='ocrx_word' id='word_1_5' title='bbox 966 695 991 748; x_wconf 91' lang='lat'><strong>1.</strong></span> 
     </span>
    </p>
   </div>
   <div class='ocr_carea' id='block_1_2' title="bbox 15 901 1039 1120">
    <p class='ocr_par' dir='ltr' id='par_1_2' title="bbox 15 901 1039 1120">
     <span class='ocr_line' id='line_1_2' title="bbox 15 901 1039 1006; baseline 0 -28"><span class='ocrx_word' id='word_1_6' title='bbox 15 999 17 1006; x_wconf 10' lang='lat' dir='ltr'>y</span> <span class='ocrx_word' id='word_1_7' title='bbox 415 903 443 979; x_wconf 90' lang='lat'><strong>1.</strong></span> <span class='ocrx_word' id='word_1_8' title='bbox 471 904 626 980; x_wconf 74' lang='grc'><strong>16666</strong></span> <span class='ocrx_word' id='word_1_9' title='bbox 654 901 1039 980; x_wconf 73' lang='grc'><strong>6666666666.</strong></span> 
     </span>
     <span class='ocr_line' id='line_1_3' title="bbox 15 1059 176 1120; baseline 0.006 -2"><span class='ocrx_word' id='word_1_10' title='bbox 15 1059 17 1110; x_wconf 70' lang='grc'><strong>1</strong></span> <span class='ocrx_word' id='word_1_11' title='bbox 93 1062 176 1120; x_wconf 74' lang='lat' dir='ltr'><strong><em>Adde:</em></strong></span> 
     </span>
    </p>
   </div>
   <div class='ocr_carea' id='block_1_3' title="bbox 15 1184 324 1244">
    <p class='ocr_par' dir='ltr' id='par_1_3' title="bbox 15 1184 324 1244">
     <span class='ocr_line' id='line_1_4' title="bbox 15 1184 324 1244; baseline 0.013 -5"><span class='ocrx_word' id='word_1_12' title='bbox 15 1187 16 1212; x_wconf 79' lang='lat'>³</span> <span class='ocrx_word' id='word_1_13' title='bbox 92 1186 198 1240; x_wconf 72' lang='lat' dir='ltr'><strong>Ammo</strong></span> <span class='ocrx_word' id='word_1_14' title='bbox 223 1184 324 1244; x_wconf 84' lang='grc'><strong>15396</strong></span> 
     </span>
    </p>
   </div>
   <div class='ocr_carea' id='block_1_4' title="bbox 86 1282 1399 3298">
    <p class='ocr_par' dir='ltr' id='par_1_4' title="bbox 92 1282 355 1345">
     <span class='ocr_line' id='line_1_5' title="bbox 92 1282 355 1345; baseline 0.019 -5"><span class='ocrx_word' id='word_1_15' title='bbox 92 1282 135 1342; x_wconf 76' lang='grc'><strong>’7.</strong></span> <span class='ocrx_word' id='word_1_16' title='bbox 155 1284 250 1344; x_wconf 76' lang='lat' dir='ltr'><strong>Blasio</strong></span> <span class='ocrx_word' id='word_1_17' title='bbox 275 1286 355 1345; x_wconf 85' lang='grc'><strong>1974</strong></span> 
     </span>
    </p>

    <p class='ocr_par' dir='ltr' id='par_1_5' title="bbox 92 1388 1399 1567">
     <span class='ocr_line' id='line_1_6' title="bbox 92 1388 1399 1468; baseline 0.006 -25"><span class='ocrx_word' id='word_1_18' title='bbox 92 1392 168 1462; x_wconf 75' lang='lat' dir='ltr'><strong><em>capio.</em></strong></span> <span class='ocrx_word' id='word_1_19' title='bbox 188 1388 270 1448; x_wconf 78' lang='lat' dir='ltr'><strong><em>Adde</em></strong></span> <span class='ocrx_word' id='word_1_20' title='bbox 291 1390 418 1466; x_wconf 85' lang='lat' dir='ltr'><strong>coiperit</strong></span> <span class='ocrx_word' id='word_1_21' title='bbox 442 1391 510 1460; x_wconf 95' lang='grc'><strong>198,</strong></span> <span class='ocrx_word' id='word_1_22' title='bbox 549 1409 574 1448; x_wconf 77' lang='grc'><strong>66</strong></span> <span class='ocrx_word' id='word_1_23' title='bbox 595 1393 723 1466; x_wconf 74' lang='lat' dir='ltr'><strong><em>idemque</em></strong></span> <span class='ocrx_word' id='word_1_24' title='bbox 748 1391 860 1448; x_wconf 77' lang='grc'><strong>6767616</strong></span> <span class='ocrx_word' id='word_1_25' title='bbox 882 1390 981 1466; x_wconf 83' lang='lat' dir='ltr'><strong><em>coepi3</em></strong></span> <span class='ocrx_word' id='word_1_26' title='bbox 1008 1407 1075 1448; x_wconf 80' lang='lat' dir='ltr'><strong>nam</strong></span> <span class='ocrx_word' id='word_1_27' title='bbox 1096 1409 1194 1450; x_wconf 80' lang='lat' dir='ltr'><strong><em>errore</em></strong></span> <span class='ocrx_word' id='word_1_28' title='bbox 1210 1395 1336 1468; x_wconf 70' lang='grc'><strong>66677666</strong></span> <span class='ocrx_word' id='word_1_29' title='bbox 1358 1401 1399 1452; x_wconf 72' lang='lat' dir='ltr'><strong>at</strong></span> 
     </span>
     <span class='ocr_line' id='line_1_7' title="bbox 120 1493 298 1567; baseline 0.022 -21"><span class='ocrx_word' id='word_1_30' title='bbox 120 1509 170 1564; x_wconf 80' lang='lat' dir='ltr'><strong>pro</strong></span> <span class='ocrx_word' id='word_1_31' title='bbox 190 1493 298 1567; x_wconf 79' lang='lat' dir='ltr'>ceperit</span> 
     </span>
    </p>

    <p class='ocr_par' dir='ltr' id='par_1_6' title="bbox 92 1588 778 1672">
     <span class='ocr_line' id='line_1_8' title="bbox 92 1588 778 1672; baseline 0.01 -25"><span class='ocrx_word' id='word_1_32' title='bbox 92 1588 210 1651; x_wconf 79' lang='lat' dir='ltr'><strong><em>Chiteris.</em></strong></span> <span class='ocrx_word' id='word_1_33' title='bbox 232 1596 317 1653; x_wconf 75' lang='lat' dir='ltr'><strong><em>Adde</em></strong></span> <span class='ocrx_word' id='word_1_34' title='bbox 336 1613 484 1654; x_wconf 72' lang='lat' dir='ltr'><strong><em>numerum</em></strong></span> <span class='ocrx_word' id='word_1_35' title='bbox 501 1595 579 1654; x_wconf 89' lang='grc'><strong>1173</strong></span> <span class='ocrx_word' id='word_1_36' title='bbox 603 1598 653 1672; x_wconf 74' lang='lat' dir='ltr'><strong>qui</strong></span> <span class='ocrx_word' id='word_1_37' title='bbox 673 1597 778 1655; x_wconf 77' lang='lat' dir='ltr'><strong><em>excidit</em></strong></span> 
     </span>
    </p>

    <p class='ocr_par' dir='ltr' id='par_1_7' title="bbox 92 1691 561 1774">
     <span class='ocr_line' id='line_1_9' title="bbox 92 1691 561 1774; baseline 0.011 -23"><span class='ocrx_word' id='word_1_38' title='bbox 92 1691 183 1753; x_wconf 80' lang='lat' dir='ltr'><strong><em>Dentio</em></strong></span> <span class='ocrx_word' id='word_1_39' title='bbox 207 1694 283 1762; x_wconf 91' lang='grc'><strong>1980</strong></span> <span class='ocrx_word' id='word_1_40' title='bbox 306 1699 391 1756; x_wconf 74' lang='lat' dir='ltr'><em>semel</em></span> <span class='ocrx_word' id='word_1_41' title='bbox 412 1697 483 1774; x_wconf 86' lang='grc'><strong>(666</strong></span> <span class='ocrx_word' id='word_1_42' title='bbox 505 1697 561 1774; x_wconf 73' lang='lat' dir='ltr'><strong>bis)</strong></span> 
     </span>
    </p>

    <p class='ocr_par' dir='ltr' id='par_1_8' title="bbox 90 1800 620 1877">
     <span class='ocr_line' id='line_1_10' title="bbox 90 1800 620 1877; baseline 0.015 -26"><span class='ocrx_word' id='word_1_43' title='bbox 90 1801 320 1860; x_wconf 77' lang='lat' dir='ltr'><strong>exaestumaverit</strong></span> <span class='ocrx_word' id='word_1_44' title='bbox 344 1801 412 1872; x_wconf 84' lang='lat'>198,</span> <span class='ocrx_word' id='word_1_45' title='bbox 435 1821 460 1860; x_wconf 75' lang='lat'><strong>15</strong></span> <span class='ocrx_word' id='word_1_46' title='bbox 483 1800 557 1877; x_wconf 87' lang='lat' dir='ltr'>(non</span> <span class='ocrx_word' id='word_1_47' title='bbox 579 1801 620 1876; x_wconf 78' lang='grc'><strong>66)</strong></span> 
     </span>
    </p>

    <p class='ocr_par' dir='ltr' id='par_1_9' title="bbox 90 1897 1396 2185">
     <span class='ocr_line' id='line_1_11' title="bbox 90 1897 1396 1980; baseline 0.008 -26"><span class='ocrx_word' id='word_1_48' title='bbox 90 1897 134 1956; x_wconf 85' lang='lat' dir='ltr'><strong><em>hic.</em></strong></span> <span class='ocrx_word' id='word_1_49' title='bbox 155 1902 234 1961; x_wconf 75' lang='lat' dir='ltr'><strong><em>Adde</em></strong></span> <span class='ocrx_word' id='word_1_50' title='bbox 252 1904 311 1962; x_wconf 80' lang='lat' dir='ltr'><strong>hoo</strong></span> <span class='ocrx_word' id='word_1_51' title='bbox 332 1922 426 1962; x_wconf 82' lang='grc'><strong>66666.</strong></span> <span class='ocrx_word' id='word_1_52' title='bbox 449 1913 539 1962; x_wconf 74' lang='grc'><strong>6666.</strong></span> <span class='ocrx_word' id='word_1_53' title='bbox 566 1901 655 1974; x_wconf 88' lang='grc'><strong>1097,</strong></span> <span class='ocrx_word' id='word_1_54' title='bbox 683 1921 694 1960; x_wconf 91' lang='lat'>1</span> <span class='ocrx_word' id='word_1_55' title='bbox 734 1903 862 1962; x_wconf 79' lang='lat' dir='ltr'><strong><em>Ceterum</em></strong></span> <span class='ocrx_word' id='word_1_56' title='bbox 883 1903 932 1960; x_wconf 78' lang='grc'><strong>656·</strong></span> <span class='ocrx_word' id='word_1_57' title='bbox 952 1921 1057 1980; x_wconf 72' lang='lat' dir='ltr'><em>anceps</em></span> <span class='ocrx_word' id='word_1_58' title='bbox 1077 1905 1213 1963; x_wconf 79' lang='lat' dir='ltr'><strong><em>iudicium</em></strong></span> <span class='ocrx_word' id='word_1_59' title='bbox 1235 1915 1276 1964; x_wconf 75' lang='grc'><strong>667</strong></span> <span class='ocrx_word' id='word_1_60' title='bbox 1297 1905 1331 1963; x_wconf 77' lang='lat' dir='ltr'><strong>de</strong></span> <span class='ocrx_word' id='word_1_61' title='bbox 1353 1904 1396 1964; x_wconf 78' lang='grc'><strong>516</strong></span> 
     </span>
     <span class='ocr_line' id='line_1_12' title="bbox 116 2005 1396 2082; baseline 0.004 -22"><span class='ocrx_word' id='word_1_62' title='bbox 116 2005 209 2076; x_wconf 72' lang='lat' dir='ltr'><strong><em>formis</em></strong></span> <span class='ocrx_word' id='word_1_63' title='bbox 234 2005 407 2066; x_wconf 75' lang='grc'><strong>6761656666</strong></span> <span class='ocrx_word' id='word_1_64' title='bbox 433 2008 459 2065; x_wconf 84' lang='lat' dir='ltr'><strong>is</strong></span> <span class='ocrx_word' id='word_1_65' title='bbox 486 2017 511 2066; x_wconf 77' lang='grc'><strong>67</strong></span> <span class='ocrx_word' id='word_1_66' title='bbox 537 2006 616 2064; x_wconf 86' lang='lat' dir='ltr'><strong>idem</strong></span> <span class='ocrx_word' id='word_1_67' title='bbox 638 2009 849 2082; x_wconf 74' lang='lat' dir='ltr'><strong><em>pronominum,</em></strong></span> <span class='ocrx_word' id='word_1_68' title='bbox 879 2014 1022 2065; x_wconf 71' lang='lat' dir='ltr'><strong><em>contentus</em></strong></span> <span class='ocrx_word' id='word_1_69' title='bbox 1044 2008 1088 2068; x_wconf 76' lang='lat' dir='ltr'><strong>fui</strong></span> <span class='ocrx_word' id='word_1_70' title='bbox 1109 2025 1271 2066; x_wconf 76' lang='grc'><strong>6666666666</strong></span> <span class='ocrx_word' id='word_1_71' title='bbox 1292 2011 1396 2078; x_wconf 82' lang='lat' dir='ltr'><strong><em>omnia,</em></strong></span> 
     </span>
     <span class='ocr_line' id='line_1_13' title="bbox 122 2109 753 2185; baseline 0.01 -23"><span class='ocrx_word' id='word_1_72' title='bbox 122 2109 245 2166; x_wconf 77' lang='lat' dir='ltr'><strong><em>iudicium</em></strong></span> <span class='ocrx_word' id='word_1_73' title='bbox 266 2112 318 2166; x_wconf 82' lang='grc'><strong>667</strong></span> <span class='ocrx_word' id='word_1_74' title='bbox 340 2112 440 2185; x_wconf 76' lang='lat' dir='ltr'><strong><em>cuique</em></strong></span> <span class='ocrx_word' id='word_1_75' title='bbox 463 2109 581 2168; x_wconf 68' lang='lat' dir='ltr'><strong><em>liberum</em></strong></span> <span class='ocrx_word' id='word_1_76' title='bbox 603 2109 753 2168; x_wconf 64' lang='grc'><strong>66666666</strong></span> 
     </span>
    </p>

    <p class='ocr_par' dir='ltr' id='par_1_10' title="bbox 89 2189 850 2288">
     <span class='ocr_line' id='line_1_14' title="bbox 89 2189 850 2288; baseline 0.008 -25"><span class='ocrx_word' id='word_1_77' title='bbox 89 2205 188 2284; x_wconf 76' lang='lat' dir='ltr'><strong>Hymne</strong></span> <span class='ocrx_word' id='word_1_78' title='bbox 211 2211 289 2270; x_wconf 88' lang='grc'><strong>1059</strong></span> <span class='ocrx_word' id='word_1_79' title='bbox 315 2209 403 2269; x_wconf 93' lang='grc'><strong>1906.</strong></span> <span class='ocrx_word' id='word_1_80' title='bbox 428 2211 529 2272; x_wconf 74' lang='lat' dir='ltr'><strong><em>Scribe</em></strong></span> <span class='ocrx_word' id='word_1_81' title='bbox 546 2215 644 2288; x_wconf 70' lang='lat' dir='ltr'><strong><em>potius</em></strong></span> <span class='ocrx_word' id='word_1_82' title='bbox 666 2209 797 2287; x_wconf 81' lang='lat' dir='ltr'><strong><em>Hymnis</em></strong></span> <span class='ocrx_word' id='word_1_83' title='bbox 845 2189 850 2204; x_wconf 58' lang='lat'><strong><em>⁹</em></strong></span> 
     </span>
    </p>

    <p class='ocr_par' dir='ltr' id='par_1_11' title="bbox 88 2309 718 2493">
     <span class='ocr_line' id='line_1_15' title="bbox 88 2309 718 2390; baseline 0.013 -26"><span class='ocrx_word' id='word_1_84' title='bbox 88 2309 152 2368; x_wconf 77' lang='lat' dir='ltr'><strong>idem</strong></span> <span class='ocrx_word' id='word_1_85' title='bbox 173 2312 244 2370; x_wconf 87' lang='grc'><strong>1491</strong></span> <span class='ocrx_word' id='word_1_86' title='bbox 265 2314 397 2390; x_wconf 73' lang='lat' dir='ltr'><strong><em>pluralis</em></strong></span> <span class='ocrx_word' id='word_1_87' title='bbox 421 2325 538 2374; x_wconf 73' lang='lat' dir='ltr'><em>estnon</em></span> <span class='ocrx_word' id='word_1_88' title='bbox 559 2313 718 2390; x_wconf 72' lang='grc'><strong>6169676616</strong></span> 
     </span>
     <span class='ocr_line' id='line_1_16' title="bbox 121 2413 605 2493; baseline 0.012 -23"><span class='ocrx_word' id='word_1_89' title='bbox 121 2413 221 2472; x_wconf 82' lang='lat' dir='ltr'><strong><em>eisdem</em></strong></span> <span class='ocrx_word' id='word_1_90' title='bbox 246 2413 325 2474; x_wconf 87' lang='grc'><strong>1199</strong></span> <span class='ocrx_word' id='word_1_91' title='bbox 349 2418 433 2474; x_wconf 81' lang='grc'><strong>66667</strong></span> <span class='ocrx_word' id='word_1_92' title='bbox 455 2417 525 2493; x_wconf 78' lang='lat' dir='ltr'><em>(non</em></span> <span class='ocrx_word' id='word_1_93' title='bbox 547 2417 605 2493; x_wconf 83' lang='grc'><strong>516)</strong></span> 
     </span>
    </p>

    <p class='ocr_par' dir='ltr' id='par_1_12' title="bbox 86 2513 923 2596">
     <span class='ocr_line' id='line_1_17' title="bbox 86 2513 923 2596; baseline 0.006 -24"><span class='ocrx_word' id='word_1_94' title='bbox 86 2513 240 2594; x_wconf 81' lang='lat' dir='ltr'><strong><em>Lampyrini</em></strong></span> <span class='ocrx_word' id='word_1_95' title='bbox 263 2521 323 2578; x_wconf 84' lang='lat' dir='ltr'><strong><em>dat.</em></strong></span> <span class='ocrx_word' id='word_1_96' title='bbox 349 2519 437 2578; x_wconf 87' lang='lat'>1031.</span> <span class='ocrx_word' id='word_1_97' title='bbox 460 2521 661 2580; x_wconf 71' lang='lat' dir='ltr'><strong><em>Nominativus</em></strong></span> <span class='ocrx_word' id='word_1_98' title='bbox 677 2521 740 2596; x_wconf 75' lang='lat' dir='ltr'><strong>fuit</strong></span> <span class='ocrx_word' id='word_1_99' title='bbox 760 2517 923 2596; x_wconf 78' lang='lat' dir='ltr'><strong>Lampyris</strong></span> 
     </span>
    </p>

    <p class='ocr_par' dir='ltr' id='par_1_13' title="bbox 87 2621 744 2699">
     <span class='ocr_line' id='line_1_18' title="bbox 87 2621 744 2699; baseline 0.012 -27"><span class='ocrx_word' id='word_1_100' title='bbox 87 2637 158 2677; x_wconf 83' lang='grc'><strong>666.</strong></span> <span class='ocrx_word' id='word_1_101' title='bbox 177 2621 231 2680; x_wconf 84' lang='lat' dir='ltr'><strong>mei</strong></span> <span class='ocrx_word' id='word_1_102' title='bbox 252 2641 311 2682; x_wconf 85' lang='lat' dir='ltr'><strong><em>voc.</em></strong></span> <span class='ocrx_word' id='word_1_103' title='bbox 335 2627 408 2698; x_wconf 73' lang='grc'><strong>6169.</strong></span> <span class='ocrx_word' id='word_1_104' title='bbox 432 2621 502 2698; x_wconf 84' lang='grc'><strong>(666</strong></span> <span class='ocrx_word' id='word_1_105' title='bbox 519 2621 580 2699; x_wconf 83' lang='lat' dir='ltr'><em>pl.)</em></span> <span class='ocrx_word' id='word_1_106' title='bbox 607 2622 695 2694; x_wconf 90' lang='grc'><strong>1008,</strong></span> <span class='ocrx_word' id='word_1_107' title='bbox 718 2639 744 2680; x_wconf 78' lang='grc'><strong>16</strong></span> 
     </span>
    </p>

    <p class='ocr_par' dir='ltr' id='par_1_14' title="bbox 88 2723 967 2802">
     <span class='ocr_line' id='line_1_19' title="bbox 88 2723 967 2802; baseline 0.008 -27"><span class='ocrx_word' id='word_1_108' title='bbox 88 2738 140 2778; x_wconf 82' lang='lat' dir='ltr'>nos.</span> <span class='ocrx_word' id='word_1_109' title='bbox 160 2723 238 2782; x_wconf 76' lang='lat' dir='ltr'><strong><em>Adde</em></strong></span> <span class='ocrx_word' id='word_1_110' title='bbox 258 2729 355 2783; x_wconf 83' lang='lat' dir='ltr'>nostri</span> <span class='ocrx_word' id='word_1_111' title='bbox 379 2723 468 2796; x_wconf 90' lang='grc'><strong>1990,</strong></span> <span class='ocrx_word' id='word_1_112' title='bbox 490 2727 568 2802; x_wconf 79' lang='lat' dir='ltr'><em>quod</em></span> <span class='ocrx_word' id='word_1_113' title='bbox 587 2745 644 2784; x_wconf 87' lang='grc'><strong>666</strong></span> <span class='ocrx_word' id='word_1_114' title='bbox 665 2727 706 2784; x_wconf 86' lang='lat' dir='ltr'><strong>ad</strong></span> <span class='ocrx_word' id='word_1_115' title='bbox 726 2735 828 2783; x_wconf 81' lang='lat' dir='ltr'>noster</span> <span class='ocrx_word' id='word_1_116' title='bbox 845 2727 967 2799; x_wconf 73' lang='lat' dir='ltr'><strong>pertinet</strong></span> 
     </span>
    </p>

    <p class='ocr_par' dir='ltr' id='par_1_15' title="bbox 88 2822 1341 2904">
     <span class='ocr_line' id='line_1_20' title="bbox 88 2822 1341 2904; baseline 0.002 -24"><span class='ocrx_word' id='word_1_117' title='bbox 88 2822 253 2886; x_wconf 83' lang='lat' dir='ltr'><strong>Philematio.</strong></span> <span class='ocrx_word' id='word_1_118' title='bbox 278 2829 362 2886; x_wconf 74' lang='lat' dir='ltr'><em>Adde</em></span> <span class='ocrx_word' id='word_1_119' title='bbox 387 2825 476 2900; x_wconf 89' lang='grc'><strong>1905,</strong></span> <span class='ocrx_word' id='word_1_120' title='bbox 499 2829 578 2904; x_wconf 80' lang='lat' dir='ltr'><em>quod</em></span> <span class='ocrx_word' id='word_1_121' title='bbox 597 2827 671 2886; x_wconf 82' lang='grc'><strong>66676</strong></span> <span class='ocrx_word' id='word_1_122' title='bbox 692 2829 811 2903; x_wconf 79' lang='lat' dir='ltr'><strong><em>irrepsit</em></strong></span> <span class='ocrx_word' id='word_1_123' title='bbox 830 2829 862 2882; x_wconf 81' lang='grc'><strong>16</strong></span> <span class='ocrx_word' id='word_1_124' title='bbox 882 2825 1093 2884; x_wconf 78' lang='lat' dir='ltr'><strong>Philematium</strong></span> <span class='ocrx_word' id='word_1_125' title='bbox 1115 2827 1194 2900; x_wconf 79' lang='lat' dir='ltr'><strong><em>quod</em></strong></span> <span class='ocrx_word' id='word_1_126' title='bbox 1214 2828 1341 2901; x_wconf 74' lang='lat' dir='ltr'><strong><em>sequitur</em></strong></span> 
     </span>
    </p>

    <p class='ocr_par' dir='ltr' id='par_1_16' title="bbox 89 2927 1392 3110">
     <span class='ocr_line' id='line_1_21' title="bbox 89 2927 1392 3006; baseline 0.002 -22"><span class='ocrx_word' id='word_1_127' title='bbox 89 2930 135 3000; x_wconf 79' lang='lat' dir='ltr'><strong><em>qui.</em></strong></span> <span class='ocrx_word' id='word_1_128' title='bbox 155 2931 227 3005; x_wconf 86' lang='lat' dir='ltr'><strong>quod</strong></span> <span class='ocrx_word' id='word_1_129' title='bbox 250 2929 320 3003; x_wconf 90' lang='grc'><strong>906,</strong></span> <span class='ocrx_word' id='word_1_130' title='bbox 344 2949 368 2988; x_wconf 79' lang='lat' dir='ltr'><strong>n</strong></span> <span class='ocrx_word' id='word_1_131' title='bbox 392 2947 441 3000; x_wconf 78' lang='grc'><strong>166,</strong></span> <span class='ocrx_word' id='word_1_132' title='bbox 464 2948 538 3006; x_wconf 88' lang='lat' dir='ltr'>ques</span> <span class='ocrx_word' id='word_1_133' title='bbox 560 2935 663 2988; x_wconf 75' lang='lat' dir='ltr'><strong><em>nomin.</em></strong></span> <span class='ocrx_word' id='word_1_134' title='bbox 684 2929 728 3006; x_wconf 80' lang='lat' dir='ltr'><strong>pi.</strong></span> <span class='ocrx_word' id='word_1_135' title='bbox 754 2929 822 3000; x_wconf 88' lang='grc'><strong>196,</strong></span> <span class='ocrx_word' id='word_1_136' title='bbox 844 2946 857 2985; x_wconf 78' lang='grc'><strong>6</strong></span> <span class='ocrx_word' id='word_1_137' title='bbox 879 2944 914 3000; x_wconf 76' lang='grc'><strong>66,</strong></span> <span class='ocrx_word' id='word_1_138' title='bbox 937 2946 997 3004; x_wconf 76' lang='lat' dir='ltr'><strong>qua</strong></span> <span class='ocrx_word' id='word_1_139' title='bbox 1017 2930 1120 2986; x_wconf 80' lang='lat' dir='ltr'><strong><em>nomin.</em></strong></span> <span class='ocrx_word' id='word_1_140' title='bbox 1140 2927 1184 3004; x_wconf 81' lang='lat' dir='ltr'><strong>pl.</strong></span> <span class='ocrx_word' id='word_1_141' title='bbox 1206 2938 1296 2986; x_wconf 78' lang='lat' dir='ltr'><strong><em>neutr.</em></strong></span> <span class='ocrx_word' id='word_1_142' title='bbox 1322 2927 1392 2999; x_wconf 88' lang='grc'><strong>196,</strong></span> 
     </span>
     <span class='ocr_line' id='line_1_22' title="bbox 120 3023 674 3110; baseline 0.004 -22"><span class='ocrx_word' id='word_1_143' title='bbox 120 3047 142 3088; x_wconf 82' lang='grc'><strong>66</strong></span> <span class='ocrx_word' id='word_1_144' title='bbox 160 3031 224 3106; x_wconf 90' lang='grc'><strong>903,</strong></span> <span class='ocrx_word' id='word_1_145' title='bbox 245 3051 258 3090; x_wconf 78' lang='grc'><strong>6</strong></span> <span class='ocrx_word' id='word_1_146' title='bbox 281 3035 322 3091; x_wconf 82' lang='lat' dir='ltr'><strong>ad</strong></span> <span class='ocrx_word' id='word_1_147' title='bbox 333 3023 514 3108; x_wconf 64' lang='grc'><strong>0666166666</strong></span> <span class='ocrx_word' id='word_1_148' title='bbox 530 3037 674 3110; x_wconf 77' lang='lat' dir='ltr'><strong><em>portinent</em></strong></span> 
     </span>
    </p>

    <p class='ocr_par' dir='ltr' id='par_1_17' title="bbox 89 3136 689 3212">
     <span class='ocr_line' id='line_1_23' title="bbox 89 3136 689 3212; baseline 0.003 -22"><span class='ocrx_word' id='word_1_149' title='bbox 89 3136 237 3205; x_wconf 81' lang='lat' dir='ltr'><strong>quocirca.</strong></span> <span class='ocrx_word' id='word_1_150' title='bbox 259 3137 345 3195; x_wconf 84' lang='lat' dir='ltr'><em>Adde</em></span> <span class='ocrx_word' id='word_1_151' title='bbox 367 3136 447 3212; x_wconf 92' lang='lat' dir='ltr'>quod</span> <span class='ocrx_word' id='word_1_152' title='bbox 469 3137 549 3195; x_wconf 80' lang='grc'><strong>61666</strong></span> <span class='ocrx_word' id='word_1_153' title='bbox 573 3136 642 3208; x_wconf 93' lang='grc'><strong>198,</strong></span> <span class='ocrx_word' id='word_1_154' title='bbox 664 3154 689 3193; x_wconf 79' lang='grc'><strong>16</strong></span> 
     </span>
    </p>

    <p class='ocr_par' dir='ltr' id='par_1_18' title="bbox 89 3235 487 3298">
     <span class='ocr_line' id='line_1_24' title="bbox 89 3235 487 3298; baseline 0.02 -8"><span class='ocrx_word' id='word_1_155' title='bbox 89 3235 219 3297; x_wconf 77' lang='grc'><strong>66171676</strong></span> <span class='ocrx_word' id='word_1_156' title='bbox 238 3257 384 3298; x_wconf 79' lang='lat' dir='ltr'><strong><em>numerum</em></strong></span> <span class='ocrx_word' id='word_1_157' title='bbox 409 3239 487 3298; x_wconf 90' lang='lat'>1368</span> 
     </span>
    </p>
   </div>
   <div class='ocr_carea' id='block_1_5' title="bbox 89 3337 981 3432">
    <p class='ocr_par' dir='ltr' id='par_1_19' title="bbox 89 3337 981 3432">
     <span class='ocr_line' id='line_1_25' title="bbox 89 3337 981 3432; baseline 0.004 -38"><span class='ocrx_word' id='word_1_158' title='bbox 89 3339 179 3415; x_wconf 84' lang='lat' dir='ltr'>utique.</span> <span class='ocrx_word' id='word_1_159' title='bbox 200 3341 255 3401; x_wconf 81' lang='lat' dir='ltr'><strong>Pro</strong></span> <span class='ocrx_word' id='word_1_160' title='bbox 277 3351 308 3432; x_wconf 73' lang='grc'><strong>61</strong></span> <span class='ocrx_word' id='word_1_161' title='bbox 329 3344 371 3402; x_wconf 85' lang='lat' dir='ltr'><strong>uti</strong></span> <span class='ocrx_word' id='word_1_162' title='bbox 389 3347 517 3420; x_wconf 72' lang='lat' dir='ltr'><strong><em>positum</em></strong></span> <span class='ocrx_word' id='word_1_163' title='bbox 538 3351 580 3402; x_wconf 77' lang='grc'><strong>666</strong></span> <span class='ocrx_word' id='word_1_164' title='bbox 602 3339 671 3413; x_wconf 87' lang='lat'>196,</span> <span class='ocrx_word' id='word_1_165' title='bbox 693 3355 719 3396; x_wconf 81' lang='grc'><strong>66</strong></span> <span class='ocrx_word' id='word_1_166' title='bbox 742 3337 812 3412; x_wconf 89' lang='grc'><strong>903,</strong></span> <span class='ocrx_word' id='word_1_167' title='bbox 834 3357 846 3397; x_wconf 88' lang='grc'><strong>6</strong></span> <span class='ocrx_word' id='word_1_168' title='bbox 869 3339 941 3411; x_wconf 91' lang='grc'><strong>571,</strong></span> <span class='ocrx_word' id='word_1_169' title='bbox 964 3339 981 3398; x_wconf 90' lang='lat'><strong>6</strong></span> 
     </span>
    </p>
   </div>
   <div class='ocr_carea' id='block_1_6' title="bbox 419 3623 1123 3706">
    <p class='ocr_par' dir='ltr' id='par_1_20' title="bbox 419 3623 1123 3706">
     <span class='ocr_line' id='line_1_26' title="bbox 419 3623 1123 3706; baseline -0.01 0"><span class='ocrx_word' id='word_1_170' title='bbox 419 3629 466 3706; x_wconf 91' lang='lat' dir='ltr'><strong>II.</strong></span> <span class='ocrx_word' id='word_1_171' title='bbox 492 3627 648 3705; x_wconf 87' lang='lat' dir='ltr'>INDEX</span> <span class='ocrx_word' id='word_1_172' title='bbox 668 3623 1035 3704; x_wconf 86' lang='lat' dir='ltr'><strong>GRAMMATIOVS.</strong></span> <span class='ocrx_word' id='word_1_173' title='bbox 1121 3663 1123 3666; x_wconf 96' lang='lat'>·</span> 
     </span>
    </p>
   </div>
   <div class='ocr_carea' id='block_1_7' title="bbox 257 3789 721 3867">
    <p class='ocr_par' dir='ltr' id='par_1_21' title="bbox 257 3789 721 3867">
     <span class='ocr_line' id='line_1_27' title="bbox 257 3789 721 3867; baseline -0.004 -19"><span class='ocrx_word' id='word_1_174' title='bbox 257 3789 286 3848; x_wconf 92' lang='lat' dir='ltr'>D</span> <span class='ocrx_word' id='word_1_175' title='bbox 303 3789 406 3866; x_wconf 72' lang='lat' dir='ltr'><strong><em>finalis</em></strong></span> <span class='ocrx_word' id='word_1_176' title='bbox 424 3799 542 3867; x_wconf 74' lang='lat' dir='ltr'><strong><em>praeter</em></strong></span> <span class='ocrx_word' id='word_1_177' title='bbox 564 3791 721 3848; x_wconf 74' lang='grc'><strong>6576716666</strong></span> 
     </span>
    </p>
   </div>
   <div class='ocr_carea' id='block_1_8' title="bbox 88 3944 1390 5459">
    <p class='ocr_par' dir='ltr' id='par_1_22' title="bbox 88 3944 1390 5459">
     <span class='ocr_line' id='line_1_28' title="bbox 88 3944 480 4022; baseline 0.008 -20"><span class='ocrx_word' id='word_1_178' title='bbox 88 3944 149 4002; x_wconf 76' lang='lat' dir='ltr'><strong><em>acide</em></strong></span> <span class='ocrx_word' id='word_1_179' title='bbox 167 3947 239 4022; x_wconf 88' lang='lat' dir='ltr'>quod</span> <span class='ocrx_word' id='word_1_180' title='bbox 260 3947 340 4006; x_wconf 82' lang='grc'><strong>61666</strong></span> <span class='ocrx_word' id='word_1_181' title='bbox 364 3947 432 4022; x_wconf 91' lang='grc'><strong>198,</strong></span> <span class='ocrx_word' id='word_1_182' title='bbox 455 3964 480 4005; x_wconf 76' lang='grc'><strong>16</strong></span> 
     </span>
     <span class='ocr_line' id='line_1_29' title="bbox 89 4045 216 4108; baseline 0.039 -4"><span class='ocrx_word' id='word_1_183' title='bbox 89 4045 216 4108; x_wconf 67' lang='lat' dir='ltr'><strong>declinatio</strong></span> 
     </span>
     <span class='ocr_line' id='line_1_30' title="bbox 326 4151 649 4234; baseline -0.022 -20"><span class='ocrx_word' id='word_1_184' title='bbox 326 4156 470 4234; x_wconf 74' lang='grc'><strong>96667666</strong></span> <span class='ocrx_word' id='word_1_185' title='bbox 492 4151 649 4230; x_wconf 72' lang='grc'><strong>6769676616</strong></span> 
     </span>
     <span class='ocr_line' id='line_1_31' title="bbox 88 4251 278 4323; baseline 0.026 -13"><span class='ocrx_word' id='word_1_186' title='bbox 88 4267 111 4323; x_wconf 87' lang='lat' dir='ltr'><strong>p.</strong></span> <span class='ocrx_word' id='word_1_187' title='bbox 130 4251 180 4311; x_wconf 90' lang='grc'><strong>603</strong></span> <span class='ocrx_word' id='word_1_188' title='bbox 200 4258 228 4314; x_wconf 78' lang='lat' dir='ltr'><strong>in</strong></span> <span class='ocrx_word' id='word_1_189' title='bbox 249 4256 278 4314; x_wconf 85' lang='grc'><strong>61</strong></span> 
     </span>
     <span class='ocr_line' id='line_1_32' title="bbox 89 4353 551 4437; baseline 0.006 -25"><span class='ocrx_word' id='word_1_190' title='bbox 89 4353 149 4412; x_wconf 76' lang='lat' dir='ltr'><strong><em>adde</em></strong></span> <span class='ocrx_word' id='word_1_191' title='bbox 262 4361 388 4437; x_wconf 81' lang='lat' dir='ltr'><strong>Appiai¹</strong></span> <span class='ocrx_word' id='word_1_192' title='bbox 473 4357 551 4416; x_wconf 89' lang='grc'><strong>1916</strong></span> 
     </span>
     <span class='ocr_line' id='line_1_33' title="bbox 263 4459 549 4540; baseline -0.003 -20"><span class='ocrx_word' id='word_1_193' title='bbox 263 4461 425 4540; x_wconf 84' lang='lat' dir='ltr'><strong><em>Eppuleiai</em></strong></span> <span class='ocrx_word' id='word_1_194' title='bbox 471 4459 549 4520; x_wconf 84' lang='lat'>1046</span> 
     </span>
     <span class='ocr_line' id='line_1_34' title="bbox 192 4560 550 4623; baseline 0.003 -2"><span class='ocrx_word' id='word_1_195' title='bbox 192 4563 195 4568; x_wconf 85' lang='grc'><strong>’</strong></span> <span class='ocrx_word' id='word_1_196' title='bbox 263 4560 405 4623; x_wconf 80' lang='lat' dir='ltr'><strong>&#39;familiai</strong></span> <span class='ocrx_word' id='word_1_197' title='bbox 472 4561 550 4622; x_wconf 89' lang='grc'><strong>1993</strong></span> 
     </span>
     <span class='ocr_line' id='line_1_35' title="bbox 262 4657 1390 4739; baseline -0.006 -15"><span class='ocrx_word' id='word_1_198' title='bbox 262 4665 434 4726; x_wconf 79' lang='lat' dir='ltr'><strong><em>Numtoriai</em></strong></span> <span class='ocrx_word' id='word_1_199' title='bbox 493 4663 551 4723; x_wconf 90' lang='grc'><strong>199</strong></span> <span class='ocrx_word' id='word_1_200' title='bbox 588 4664 666 4739; x_wconf 78' lang='lat' dir='ltr'><em>quod</em></span> <span class='ocrx_word' id='word_1_201' title='bbox 700 4662 774 4720; x_wconf 78' lang='lat' dir='ltr'><strong><em>maie</em></strong></span> <span class='ocrx_word' id='word_1_202' title='bbox 808 4665 882 4719; x_wconf 77' lang='lat' dir='ltr'><strong><em>inter</em></strong></span> <span class='ocrx_word' id='word_1_203' title='bbox 916 4661 1026 4719; x_wconf 79' lang='lat' dir='ltr'><strong><em>dativos</em></strong></span> <span class='ocrx_word' id='word_1_204' title='bbox 1062 4663 1093 4718; x_wconf 84' lang='lat' dir='ltr'><strong>in</strong></span> <span class='ocrx_word' id='word_1_205' title='bbox 1128 4663 1156 4718; x_wconf 85' lang='grc'><strong>61</strong></span> <span class='ocrx_word' id='word_1_206' title='bbox 1183 4662 1313 4735; x_wconf 74' lang='lat' dir='ltr'><strong><em>ponitur,</em></strong></span> <span class='ocrx_word' id='word_1_207' title='bbox 1341 4657 1390 4717; x_wconf 82' lang='grc'><strong>651</strong></span> 
     </span>
     <span class='ocr_line' id='line_1_36' title="bbox 591 4765 745 4824; baseline -0.013 0"><span class='ocrx_word' id='word_1_208' title='bbox 591 4765 745 4824; x_wconf 73' lang='lat' dir='ltr'><em>delendum</em></span> 
     </span>
     <span class='ocr_line' id='line_1_37' title="bbox 88 4861 1390 4947; baseline -0.005 -20"><span class='ocrx_word' id='word_1_209' title='bbox 88 4871 185 4926; x_wconf 67' lang='grc'><strong>06666</strong></span> <span class='ocrx_word' id='word_1_210' title='bbox 271 4871 422 4931; x_wconf 79' lang='grc'><strong>1661666161</strong></span> <span class='ocrx_word' id='word_1_211' title='bbox 450 4874 481 4930; x_wconf 81' lang='lat' dir='ltr'><strong>in</strong></span> <span class='ocrx_word' id='word_1_212' title='bbox 508 4870 566 4947; x_wconf 77' lang='grc'><strong>7696</strong></span> <span class='ocrx_word' id='word_1_213' title='bbox 589 4869 810 4946; x_wconf 76' lang='lat' dir='ltr'><em>repetundarum</em></span> <span class='ocrx_word' id='word_1_214' title='bbox 833 4866 891 4926; x_wconf 90' lang='grc'><strong>198</strong></span> <span class='ocrx_word' id='word_1_215' title='bbox 915 4885 941 4924; x_wconf 83' lang='grc'><strong>6.</strong></span> <span class='ocrx_word' id='word_1_216' title='bbox 966 4867 1004 4924; x_wconf 89' lang='grc'><strong>53</strong></span> <span class='ocrx_word' id='word_1_217' title='bbox 1029 4865 1139 4942; x_wconf 74' lang='grc'><strong>7697766,</strong></span> <span class='ocrx_word' id='word_1_218' title='bbox 1168 4883 1225 4922; x_wconf 76' lang='lat' dir='ltr'><strong>non</strong></span> <span class='ocrx_word' id='word_1_219' title='bbox 1248 4883 1273 4922; x_wconf 86' lang='lat' dir='ltr'><strong>v.</strong></span> <span class='ocrx_word' id='word_1_220' title='bbox 1290 4861 1342 4934; x_wconf 88' lang='grc'><strong>58,</strong></span> <span class='ocrx_word' id='word_1_221' title='bbox 1364 4873 1390 4922; x_wconf 79' lang='lat' dir='ltr'><strong>et</strong></span> 
     </span>
     <span class='ocr_line' id='line_1_38' title="bbox 275 4961 1389 5045; baseline -0.009 -12"><span class='ocrx_word' id='word_1_222' title='bbox 275 4973 420 5034; x_wconf 83' lang='lat' dir='ltr'><strong>Fortunai</strong></span> <span class='ocrx_word' id='word_1_223' title='bbox 442 4973 499 5032; x_wconf 84' lang='lat' dir='ltr'><strong><em>Iul.</em></strong></span> <span class='ocrx_word' id='word_1_224' title='bbox 524 4973 573 5044; x_wconf 91' lang='grc'><strong>30,</strong></span> <span class='ocrx_word' id='word_1_225' title='bbox 594 4991 652 5030; x_wconf 84' lang='grc'><strong>666</strong></span> <span class='ocrx_word' id='word_1_226' title='bbox 674 4969 713 5030; x_wconf 88' lang='grc'><strong>95</strong></span> <span class='ocrx_word' id='word_1_227' title='bbox 741 4969 833 5045; x_wconf 88' lang='lat' dir='ltr'><strong><em>(idem</em></strong></span> <span class='ocrx_word' id='word_1_228' title='bbox 861 4987 945 5028; x_wconf 88' lang='lat' dir='ltr'>error</span> <span class='ocrx_word' id='word_1_229' title='bbox 965 4969 1080 5028; x_wconf 81' lang='lat' dir='ltr'><strong><em>numeri</em></strong></span> <span class='ocrx_word' id='word_1_230' title='bbox 1101 4988 1131 5045; x_wconf 91' lang='lat' dir='ltr'><strong>p.</strong></span> <span class='ocrx_word' id='word_1_231' title='bbox 1156 4967 1216 5026; x_wconf 89' lang='grc'><strong>600</strong></span> <span class='ocrx_word' id='word_1_232' title='bbox 1243 4969 1274 5024; x_wconf 81' lang='lat' dir='ltr'><strong>in</strong></span> <span class='ocrx_word' id='word_1_233' title='bbox 1297 4961 1389 5024; x_wconf 76' lang='grc' dir='ltr'><strong>ι6176</strong></span> 
     </span>
     <span class='ocr_line' id='line_1_39' title="bbox 265 5071 626 5161; baseline -0.008 -26"><span class='ocrx_word' id='word_1_234' title='bbox 265 5071 396 5152; x_wconf 65' lang='lat' dir='ltr'><strong>flexione*</strong></span> <span class='ocrx_word' id='word_1_235' title='bbox 417 5075 626 5161; x_wconf 73' lang='lat' dir='ltr'><strong>cqrrigendus)</strong></span> 
     </span>
     <span class='ocr_line' id='line_1_40' title="bbox 152 5176 639 5238; baseline 0.01 -9"><span class='ocrx_word' id='word_1_236' title='bbox 152 5176 223 5234; x_wconf 81' lang='lat' dir='ltr'><strong><em>inei</em></strong></span> <span class='ocrx_word' id='word_1_237' title='bbox 243 5187 268 5236; x_wconf 76' lang='lat' dir='ltr'><strong>et</strong></span> <span class='ocrx_word' id='word_1_238' title='bbox 287 5179 297 5236; x_wconf 93' lang='lat' dir='ltr'><strong><em>i</em></strong></span> <span class='ocrx_word' id='word_1_239' title='bbox 319 5177 521 5238; x_wconf 82' lang='lat' dir='ltr'><strong><em>vocabulorum</em></strong></span> <span class='ocrx_word' id='word_1_240' title='bbox 541 5181 572 5235; x_wconf 81' lang='grc'><strong>16</strong></span> <span class='ocrx_word' id='word_1_241' title='bbox 593 5181 639 5235; x_wconf 80' lang='grc'><strong>166</strong></span> 
     </span>
     <span class='ocr_line' id='line_1_41' title="bbox 89 5270 476 5340; baseline 0 -1"><span class='ocrx_word' id='word_1_242' title='bbox 89 5270 143 5330; x_wconf 66' lang='grc'><strong>1916</strong></span> <span class='ocrx_word' id='word_1_243' title='bbox 257 5281 374 5340; x_wconf 83' lang='grc'><strong>6661661</strong></span> <span class='ocrx_word' id='word_1_244' title='bbox 399 5281 476 5339; x_wconf 92' lang='grc'><strong>1107</strong></span> 
     </span>
     <span class='ocr_line' id='line_1_42' title="bbox 259 5381 583 5459; baseline -0.003 -18"><span class='ocrx_word' id='word_1_245' title='bbox 259 5382 376 5459; x_wconf 77' lang='lat' dir='ltr'><strong>conlegi</strong></span> <span class='ocrx_word' id='word_1_246' title='bbox 420 5381 583 5442; x_wconf 89' lang='grc'><strong>5631107</strong></span> 
     </span>
    </p>
   </div>
   <div class='ocr_carea' id='block_1_9' title="bbox 0 0 1756 6004">
    <p class='ocr_par' dir='ltr' id='par_1_23' title="bbox 0 0 1756 6004">
     <span class='ocr_line' id='line_1_43' title="bbox 0 0 1756 6004; baseline 0 1"><span class='ocrx_word' id='word_1_247' title='bbox 0 0 1756 6004; x_wconf 95' lang='lat' dir='ltr'><strong> </strong></span> 
     </span>
    </p>
   </div>
  </div>
 </body>
</html>
