3548 6012
344 629 389 700 12
936 647 1075 700 namen

339 821 511 882 Boeclrhius
542 823 698 884 refellitur.
748 822 877 900 Triplex
909 821 1045 880 mulieris
1077 821 1144 881 laus
1172 822 1309 894 effertur3
1341 821 1438 898 prima
1466 821 1547 898 quod
1574 819 1612 880 de
1640 841 1674 880 re

338 925 460 1002 publiea
481 928 556 985 bene
577 926 684 986 merita
704 925 758 998 sit,
781 913 876 984 altera
896 923 978 1001 quod
999 943 1036 983 ne
1058 942 1145 984 sacra
1166 923 1285 1002 quidem
1306 942 1431 984 munera
1453 925 1673 998 detrectaverit,

338 1028 427 1087 tertia
452 1029 533 1106 quod
554 1029 623 1105 ipsa
642 1029 717 1088 beue
739 1015 846 1086 merita
867 1047 886 1085 a
906 1026 1069 1086 maioribus
1092 1027 1287 1086 nobilissimis
1308 1026 1501 1086 descenderit.
1546 1025 1675 1104 Singula

338 1131 524 1208 singulorum
546 1151 622 1210 quae
644 1131 754 1208 copula
775 1137 878 1189 carent
899 1137 1080 1188 commatum
1102 1131 1235 1188 membra
1253 1118 1302 1186 sal
1317 1129 1463 1208 particula
1477 1139 1675 1189 conectuntur

338 1224 483 1316 (πρύτανιν
503 1223 551 1292 ursi
573 1223 724 1318 εὐεργέτιν,
745 1222 832 1316 irgine
854 1221 902 1288 nal
923 1222 1089 1315 ἶεροφᾶρον),
1117 1232 1193 1290 unde
1214 1240 1368 1309 peccatum
1389 1239 1454 1290 erat
1475 1232 1502 1291 si
1522 1223 1621 1308 λόγιος
1642 1243 1689 1310 εἴΙ

337 1325 473 1419 πρύτανις
502 1335 648 1396 vocabula
676 1325 838 1394 dsvvdirwc
867 1333 1063 1411 ponebantur.
1110 1333 1251 1412 Denique
1279 1353 1369 1412 quarn
1396 1342 1465 1412 apte
1492 1333 1673 1394 adiectivum

336 1427 437 1514 λόγιοι
458 1437 495 1496 ad
518 1439 739 1500 substantivum
762 1426 895 1520 πρύτανις
916 1437 1049 1509 accedat,
1071 1436 1158 1496 docet
1179 1436 1272 1517 epigr.
1295 1439 1332 1496 Α.
1355 1436 1423 1498 Pul.
1445 1437 1525 1516 App.
1547 1458 1578 1498 n.
1594 1437 1672 1498 346:

643 1631 723 1700 τιμῆς
743 1619 888 1716 ἄρχοντος
909 1623 1009 1707 λογιόυ
1032 1617 1123 1713 χάριν
1145 1607 1301 1700 {virmero

683 1725 779 1805 βουλὴ
802 1722 851 1791 uni
872 1725 1008 1800 βασιλεῖς
1030 1726 1076 1789 τὸν
1098 1724 1189 1808 ramis
1210 1722 1360 1796 Εὗιτέβιον.

418 1906 471 1964 τᾶν
492 1901 571 1965 θεοῖν
590 1901 748 1984 Ἐτηφιλνῖν
768 1897 816 1966 καὶ
837 1907 996 1992 Καριτσιῖν.
1040 1903 1188 1967 Neutrum
1215 1925 1324 1966 nomen
1349 1905 1445 1966 habeo
1472 1907 1524 1983 qui
1548 1907 1671 1986 penitus

337 2008 494 2086 explicem.

418 2099 593 2196 ε’ργοφᾶρονι
614 2129 687 2187 apes
710 2121 798 2172 vocat
812 2113 969 2186 Aelianus,
992 2111 1138 2190 virginem
1160 2101 1315 2195 ἕργοφόρον
1336 2129 1396 2170 non
1416 2111 1569 2191 intellego.
1607 2112 1671 2172 Ita·

335 2231 393 2288 que
424 2201 580 2272 emendavi
610 2204 762 2298 ἱεροφόρον.
812 2214 860 2276 De
889 2215 990 2293 puella
1015 2203 1174 2299 κερνοφόρῳ
1202 2214 1346 2293 cogitavit
1372 2215 1578 2275 Mommseuns
1612 2215 1670 2291 (cf.

336 2313 502 2376 0.1.1..1
524 2315 853 2394 p.391.v1n.508).
897 2316 967 2377 Non
997 2317 1119 2378 ultimus
1148 2326 1228 2376 certe
1254 2317 1287 2376 iu
1312 2317 1463 2395 mysteriis
1491 2319 1555 2378 eins
1583 2318 1670 2378 locus

302 2425 306 2436 ’
335 2417 401 2494 fuit,
424 2436 502 2495 quae
525 2436 612 2478 sacra
631 2417 756 2479 ferebat.

417 2519 546 2580 Potamo
572 2521 729 2601 legislator
754 2521 851 2580 adhuc
878 2539 938 2581 non
965 2522 1104 2582 innotrrit.
1147 2521 1243 2582 Plane
1270 2522 1417 2582 obscurae
1447 2531 1518 2582 sunt
1537 2519 1673 2584 Romani

334 2623 452 2700 imperii
474 2623 659 2701 temporibus
681 2642 729 2684 res
743 2621 935 2696 Lesbiorum,
957 2624 1011 2684 sed
1032 2624 1162 2685 conicias
1177 2625 1375 2684 Potamonem
1389 2624 1580 2702 Mytilenaeis
1596 2625 1671 2684 ciri-

334 2725 390 2785 bus
419 2725 520 2784 nescio
548 2743 627 2804 quae
648 2725 746 2804 litigia
768 2719 979 2788 exercentibus
1000 2735 1192 2805 aesymnetae
1212 2727 1309 2788 instar
1329 2727 1538 2788 intercessisse
1558 2745 1671 2806 resque

334 2828 511 2887 auctoritato
539 2837 569 2887 et
594 2829 753 2904 prudentia
780 2847 835 2889 sua
860 2831 891 2888 in
917 2829 1076 2908 pristinum
1104 2829 1238 2889 ordinem
1265 2829 1428 2907 redegisse.
1471 2819 1594 2906 ἕ[ν]νιιιιι
1615 2850 1670 2889 ne·

333 2931 466 2990 cessaria
492 2931 619 2991 mutatio
647 2941 707 3004 est;
736 2949 805 2992 nem
834 2932 967 2991 omnium
992 2933 1124 2992 maxims
1150 2932 1240 2992 huius
1269 2933 1348 2992 tituli
1377 2932 1522 2992 dialectos
1551 2934 1670 2992 severis

333 3031 451 3111 legibus
474 3031 619 3094 adstricta
641 3041 696 3093 est.

415 3127 521 3204 τιν’μιιι.
557 3135 669 3197 Nescio
692 3155 731 3196 an
751 3137 805 3198 τοῖς
825 3138 972 3198 articulus
994 3155 1034 3196 ex
1055 3137 1240 3198 antecedenti
1261 3138 1379 3216 syllaba
1399 3141 1466 3196 [ΑΣ
1487 3155 1670 3214 recuperan-

333 3237 389 3297 dus
416 3239 464 3300 sit.
507 3233 587 3310 repsit
614 3237 651 3315 (i.
668 3257 693 3298 e.
715 3229 883 3323 ἀνδριάντα)
909 3236 1072 3311 ἀναστῆσαι
1097 3257 1157 3298 non
1184 3259 1254 3300 raro
1276 3241 1398 3312 dicitur3
1420 3241 1458 3300 cf.
1481 3237 1516 3299 0.
1532 3239 1557 3300 l.
1573 3239 1668 3300 2987.

333 3340 425 3401 2818.
457 3339 588 3402 Privatis
610 3343 780 3401 hominibus
802 3361 878 3419 quos
900 3351 1022 3404 senatus
1042 3345 1232 3421 populusque
1249 3343 1422 3403 decreverat
1435 3344 1575 3414 honores,
1596 3361 1668 3420 pro-

331 3443 437 3521 pinqui
469 3444 646 3520 plerumque
673 3444 882 3520 procurabant
933 3445 1113 3506 Artemisiae
1141 3457 1240 3506 tamen
1266 3454 1382 3506 statuae
1409 3445 1566 3524 ponendae
1593 3463 1669 3504 cura
1764 3485 1765 3506 ι

332 3546 455 3606 Aurelio
481 3545 591 3606 Proclo
618 3547 738 3625 obtigit,
773 3557 895 3608 senatus
923 3548 1055 3622 scribae,
1083 3548 1142 3608 nisi
1169 3549 1246 3608 forte
1267 3549 1345 3608 idem
1374 3549 1561 3627 propinquus
1590 3557 1668 3620 erat,
1764 3545 1765 3555 ’

331 3647 414 3724 quod
441 3667 480 3708 ex
509 3651 660 3710 communi
685 3651 790 3727 gentili
817 3652 937 3710 nomine
963 3651 1064 3728 colligi
1092 3652 1197 3729 possit.
1244 3649 1454 3712 Nobilioribus
1482 3650 1540 3708 hoc
1568 3649 1668 3722 datur,

331 3761 365 3810 ut
385 3750 509 3810 honoris
531 3751 672 3830 exigendi
693 3752 823 3812 cilicium
846 3754 1036 3831 magistratui
1057 3754 1146 3813 alicui
1167 3753 1324 3826 tribuatur,
1346 3753 1667 3830 velutiimperatorum

337 3853 446 3912 statuis
468 3872 528 3913 nou
550 3871 619 3912 raro
640 3855 787 3934 prospicit
808 3855 921 3915 archon
945 3873 1128 3932 eponymus,
1152 3858 1203 3933 qui
1224 3858 1282 3915 hoc
1304 3855 1405 3916 oblato
1427 3855 1526 3914 officio
1547 3856 1666 3932 etipse

330 3964 483 4032 tamquam
504 3956 618 4014 honore
639 3957 757 4016 fruitur.
801 3955 959 4034 Exemplis
981 3957 1178 4035 congerendis
1200 3959 1398 4037 supersedeo,
1425 3976 1485 4016 uno
1508 3965 1666 4018 contentus
1763 4011 1764 4016 ,

330 4058 418 4115 titulo
442 4055 582 4118 Sciatheo
605 4055 701 4135 (0.1.
723 4057 832 4135 2154),
859 4061 910 4118 ubi
933 4058 1078 4138 Septimio
1102 4059 1212 4122 Severo
1234 4062 1363 4120 honores
1386 4061 1585 4120 decernuntur
1606 4058 1667 4118 ἐπι·

331 4150 525 4229 μιλησιιμὲνιυ
552 4153 708 4219 Ὑακίνθου
736 4153 854 4219 llisrcv.
887 4150 1002 4232 Ἀνὲης
1030 4151 1114 4244 ἦρξεν
1143 4154 1290 4229 ἐπωνύμου
1321 4159 1428 4248 ἀρχῆς.
1480 4161 1532 4224 Sic
1557 4182 1666 4239 nempe

330 4261 422 4321 edunt
447 4269 477 4322 et
502 4261 620 4322 adunco
648 4273 680 4323 ut
707 4265 792 4323 aiunt
817 4282 891 4324 naso
919 4265 1067 4325 sermonis
1093 4267 1259 4325 barbariem
1285 4265 1480 4344 suspendunt.
1525 4262 1665 4325 Scriben-

329 4363 414 4421 dum:
441 4356 557 4434 Πίστιν,
578 4359 653 4423 ἀνθ’
675 4353 708 4436 ἧς
728 4354 813 4451 ἦρξεν
835 4357 979 4434 ἐπωνύμου
1002 4363 1107 4452 ἀρχῆς.
1150 4369 1243 4429 Vides
1264 4368 1335 4446 quid
1355 4369 1399 4427 rei
1421 4368 1470 4440 sit,
1491 4386 1546 4426 nec
1567 4365 1665 4428 Grac·

329 4483 382 4526 cos
404 4466 492 4526 tertio
514 4467 634 4527 saeculo
657 4486 762 4546 graece
783 4469 868 4546 loqui
889 4469 1025 4530 desiisse.

328 4754 417 4816 Vlll.
461 4757 497 4815 In
520 4755 687 4818 diversorio
709 4757 791 4835 quod
813 4765 920 4818 vocant
940 4760 1124 4837 paradisum.

654 4939 768 5032 Στᾶργη
791 4946 871 5028 [Qu.
895 4943 1044 5029 [lapsine
1066 4943 1207 5036 mebi]
1230 4953 1327 5035 χαῖρε.

326 5139 441 5199 Rarum
463 5149 511 5200 est
531 5141 584 5200 sed
606 5159 667 5202 non
686 5141 853 5202 inauditum
875 5133 1015 5226 θυγατιῖρ
1037 5143 1251 5221 appellativum
1272 5144 1376 5203 matris
1397 5145 1529 5223 patrisve
1549 5163 1661 5206 nomen

327 5241 542 5318 praemissum,
570 5244 606 5304 ol.
629 5245 674 5304 tit.
697 5243 926 5324 Philadelphiae
952 5246 1032 5326 apud
1052 5245 1152 5307 Lebas
1177 5245 1460 5323 parauisset:
1489 5240 1660 5332 Πρεισκῖλλιι

327 5340 461 5420 decertari,
481 5340 619 5430 θυγατὴρ
641 5349 761 5419 Δημοῦς.
