3520 6006
331 704 403 774 144
761 719 1071 772 annmnuanuvu
1089 721 1174 772 vou.
1195 721 1225 772 11

329 899 451 957 vitricus
474 897 647 974 privignae,
669 895 734 953 iure
755 911 894 971 quaeres,
917 895 1035 972 quinam
1060 895 1121 954 sint
1141 897 1194 972 qui
1216 915 1299 954 reum
1322 898 1447 974 propius
1468 917 1505 956 ea
1519 899 1656 958 affinitate

330 1001 520 1078 contingant3
547 1007 577 1056 et
603 1015 783 1075 quamquam
811 997 988 1075 responderi
1013 1005 1114 1076 potest
1135 997 1268 1076 intellegi
1291 998 1385 1058 virum
1408 1019 1547 1074 uxorem,
1574 1020 1656 1080 spou-

331 1121 396 1162 sum
420 1119 561 1180 sponsam
574 1099 612 1178 ¹),
635 1101 713 1159 haud
738 1100 801 1158 seio
823 1121 863 1158 an
883 1101 941 1159 hoc
962 1119 1081 1177 quoque
1102 1101 1237 1160 incuriae
1258 1101 1354 1179 magis
1377 1120 1466 1178 quam
1489 1105 1656 1180 prudentiae

331 1205 486 1282 scriptoris
518 1203 670 1262 debeatur.
719 1202 768 1261 De
793 1211 921 1282 patrono
951 1202 1060 1262 liberto
1086 1203 1207 1262 omnino
1234 1213 1353 1264 constat
1383 1225 1478 1283 neque
1506 1215 1657 1284 patronum
1749 1207 1750 1264 i

330 1310 362 1368 in
388 1307 525 1366 libertum
551 1324 606 1364 nec
627 1306 767 1364 libertum
789 1306 820 1362 in
842 1313 1000 1381 pauonum
1022 1307 1054 1363 in
1076 1305 1138 1364 ullo
1159 1305 1271 1365 iudicio
1292 1308 1413 1384 publico
1435 1309 1562 1380 insitum
1584 1312 1658 1369 terti·
1749 1299 1750 1330 ³

332 1412 464 1470 monium
497 1409 627 1480 dixisse3
660 1414 816 1484 praeterea
844 1408 874 1466 in
903 1407 1080 1484 quibusdam
1108 1407 1241 1480 iudiciis,
1275 1419 1308 1469 ut
1333 1413 1364 1470 in
1394 1430 1429 1470 eo
1458 1412 1541 1488 quod
1568 1413 1601 1472 fit
1626 1433 1659 1472 ex
1749 1413 1750 1478 l

333 1515 399 1592 lege
421 1511 558 1594 Iuliade
580 1509 654 1587 vii),
676 1510 801 1569 libertus
824 1509 1027 1570 testimonium
1051 1509 1081 1568 in
1104 1518 1263 1589 patronum
1286 1513 1385 1573 dicere
1406 1532 1467 1574 non
1490 1513 1586 1573 solum
1608 1534 1661 1573 nou

335 1617 463 1694 cogitur,
486 1613 536 1672 sed
561 1613 650 1674 etiam
673 1619 799 1672 vetatur.

180 1727 321 1780 Accusatio
418 1717 467 1776 De
489 1716 679 1777 accusatione
702 1735 778 1794 quae
798 1715 877 1794 apud
893 1715 1048 1776 duovirnm
1064 1717 1118 1776 fiat
1131 1717 1229 1794 agitur
1243 1717 1319 1796 legis
1341 1737 1366 1776 c.
1383 1717 1441 1778 CII
1464 1720 1494 1791 4,
1512 1719 1621 1790 23—5,
1638 1723 1661 1779 l.

336 1819 437 1880 Causa
463 1819 622 1878 accusandi
647 1819 695 1878 hio
717 1838 775 1878 nou
799 1818 932 1894 ponitur,
960 1819 1048 1878 atde
1070 1819 1246 1898 indignitate
1268 1821 1438 1882 decurionis
1460 1823 1570 1882 duovir
1590 1824 1663 1883 iube·

335 1933 384 1982 tur
411 1924 458 1980 ius
489 1921 588 1982 dicere
614 1921 784 1997 iudiciaque
812 1919 949 1992 reddere3
978 1921 1140 1999 significari
1168 1924 1389 1983 accusationem
1417 1926 1605 2004 intellegitur
1629 1946 1665 1985 ex

336 2046 362 2085 c.
386 2023 534 2084 CXXIII.
559 2022 735 2095 CXXIIII,
767 2041 846 2100 quae
878 2024 916 2082 ad
948 2025 1047 2102 ipsum
1079 2025 1220 2083 iudicium
1253 2027 1290 2084 de
1317 2027 1494 2104 indignitate
1524 2029 1666 2106 pertinere

337 2147 430 2206 supra
451 2126 500 2203 (p.
520 2125 596 2202 134)
619 2127 898 2186 demonstravimus.
943 2123 1016 2186 Sola
1041 2128 1115 2187 haec
1140 2118 1292 2188 accusatio
1316 2137 1414 2188 utrum
1437 2150 1462 2188 o.
1479 2128 1539 2190 011
1560 2131 1667 2190 intelle-

338 2240 424 2311 gatur
451 2249 490 2288 an
517 2229 604 2288 aliter
628 2246 746 2306 quoque
768 2229 847 2307 apud
870 2229 1024 2288 duovirnm
1047 2232 1199 2290 accusatio
1224 2232 1341 2291 institui
1363 2233 1509 2308 potuerit,
1538 2235 1666 2310 exlegis

338 2333 474 2411 reliquiis
501 2350 561 2391 nou
586 2331 776 2409 perspicitur.
798 2364 835 2374 -
864 2332 1096 2392 Accusationem
1117 2333 1206 2394 facile
1227 2343 1353 2412 apparet
1373 2337 1587 2410 quaestionum
1608 2356 1667 2413 per·

339 2447 496 2514 palearum
518 2435 645 2493 formam
668 2433 762 2510 sequi.
807 2432 1082 2504 Dnoviriadieiam
1103 2437 1197 2496 reddit
1218 2435 1261 2512 (5,
1279 2435 1327 2495 22.
1344 2435 1408 2512 24),
1431 2438 1486 2497 lac
1509 2439 1571 2515 laps
1591 2457 1668 2515 qaae-
1749 2427 1750 2442 ¹

339 2543 379 2598 rit
401 2538 452 2615 (4,
469 2535 519 2596 23.
535 2535 610 2612 25),
636 2537 771 2595 indiciam
792 2547 898 2596 euocet
920 2537 970 2613 (4,
988 2536 1036 2596 23.
1053 2535 1127 2614 26),
1155 2540 1362 2616 praetorisque
1388 2561 1455 2600 eum
1483 2541 1517 2598 in
1538 2550 1669 2619 repetun-
1749 2515 1750 2540 ¹

340 2642 445 2700 darum
472 2639 681 2716 similibusque
707 2639 840 2710 iudiciis,
868 2639 899 2697 id
925 2649 973 2698 est
994 2640 1174 2716 quaesitoris
1197 2641 1298 2700 officio
1320 2642 1402 2720 iungi
1425 2663 1464 2700 ex
1486 2663 1514 2702 c.
1531 2641 1589 2702 CII
1609 2661 1669 2718 per·

289 2770 296 2786 .
341 2744 474 2820 epicitur.
518 2741 640 2800 Actoris
665 2749 766 2818 partes
793 2742 845 2819 qui
872 2743 999 2802 sustinet
1022 2743 1154 2818 postolat
1180 2743 1232 2820 (5,
1249 2743 1323 2820 22),
1351 2755 1470 2804 acmsat
1492 2746 1543 2822 (4,
1560 2745 1609 2804 27.
1625 2745 1669 2804 28.

342 2845 391 2906 29.
408 2845 467 2920 34)
490 2844 772 2922 distinguunturque
794 2853 1001 2903 accusatorum
1023 2846 1135 2903 delator
1156 2844 1204 2921 (4,
1221 2844 1274 2920 27)
1298 2853 1328 2904 et
1347 2847 1527 2923 subscriptor
1548 2848 1597 2925 (4,
1612 2847 1669 2924 28).

343 2947 481 3024 Sinpnlac
508 2950 635 3005 actiones
662 2945 763 3004 iudicii
792 2947 846 3024 (4,
868 2947 916 3006 34.
938 2947 997 3023 36)
1027 2949 1188 3006 ostendunt
1216 2948 1403 3026 ampliatioui
1431 2951 1671 3028 comperendina-

342 3051 454 3109 tionive
480 3049 511 3106 in
538 3068 574 3106 eo
601 3049 702 3108 locum
723 3049 826 3109 fuisse.
872 3047 1061 3126 Quamquam
1083 3051 1204 3109 fuerunt
1224 3051 1314 3110 etiam
1336 3053 1482 3129 quaedam
1506 3053 1618 3113 iudicis
1637 3073 1671 3111 ex

342 3154 398 3212 hae
425 3153 490 3228 lege
516 3169 575 3210 uno
597 3149 645 3210 die
667 3151 849 3228 perficienda
870 3151 911 3226 (l,
929 3150 982 3228 24)
990 3174 999 3224 ;
1026 3171 1154 3228 quocum
1177 3155 1342 3231 comparari
1365 3162 1479 3230 potest,
1507 3156 1592 3232 quod
1612 3157 1673 3232 lege

342 3255 488 3331 Pompeia
511 3253 616 3312 eodem
638 3253 695 3326 die,
718 3271 777 3331 quo
800 3253 906 3312 dicturi
928 3265 1031 3314 essent
1052 3265 1210 3314 accusator
1232 3263 1261 3314 et
1282 3263 1437 3332 patronus,
1463 3257 1581 3317 indices
1602 3258 1674 3316 iudi·

343 3376 411 3416 care
437 3355 664 3433 iubebantur³).
708 3355 849 3415 Indicant
873 3359 981 3416 iudicas
1009 3356 1122 3434 (6.1)
1150 3367 1332 3434 caueturque
1359 3359 1396 3418 de
1417 3378 1470 3418 reo
1493 3360 1673 3420 absolvendo

345 3461 373 3532 6,
394 3459 412 3518 2
437 3461 493 3518 sia:
522 3463 571 3536 qai
595 3463 637 3517 ito
657 3459 806 3519 absolutas
829 3463 894 3533 crit,
923 3461 1001 3536 qaod
1019 3461 1157 3520 indiciam
1173 3465 1436 3538 praeuaricationis
1459 3482 1552 3522 caasa
1566 3467 1674 3540 soctan

343 3581 400 3621 noa
423 3565 489 3635 erit,
511 3565 536 3619 is
559 3581 589 3620 co
611 3563 718 3620 iudicio
740 3563 795 3621 ltac
817 3563 875 3640 ispe
897 3561 1045 3621 mactatas
1067 3573 1135 3633 esto,
1160 3581 1237 3640 quae
1258 3564 1388 3622 formula
1408 3565 1535 3642 propria
1556 3565 1674 3624 iudicio·

344 3685 411 3724 rum
434 3665 620 3741 publicorum
642 3663 766 3722 totidem
787 3663 850 3724 iere
865 3665 965 3723 verbis
986 3665 1063 3724 redit
1077 3666 1107 3724 ln
1122 3667 1188 3742 lege
1202 3665 1433 3744 repetundarum
1455 3665 1550 3727 asc.
1588 3665 1673 3730 Deui-
1749 3675 1750 3706 i

346 3785 404 3844 que
425 3767 589 3846 praemium
612 3767 781 3826 accusatori
802 3766 890 3825 datur
911 3767 979 3840 tale,
1002 3767 1106 3844 qualia
1126 3768 1190 3827 dari
1211 3769 1310 3828 solent
1323 3769 1353 3826 in
1368 3768 1433 3828 eius
1447 3771 1570 3847 generis
1585 3769 1675 3828 masis
1749 3767 1750 3838 l

344 3869 472 3948 publicis
496 3868 539 3945 (p.
558 3869 641 3944 134).
676 3867 736 3928 Sed
758 3887 868 3928 novum
889 3870 979 3928 iniis
1001 3889 1078 3947 quae
1100 3870 1137 3930 de
1159 3871 1347 3930 accusatione
1368 3881 1531 3948 supersunt
1553 3892 1614 3932 uon
1634 3881 1676 3930 est

200 3973 406 4037 Heraens-nisi
432 3971 513 4048 quod
540 3989 564 4030 e.
586 3969 645 4030 CII
672 3980 795 4031 cavetur
820 3971 856 4029 de
882 3981 1017 4048 tempore
1043 3971 1143 4032 indicii
1169 3973 1351 4051 perficiendi.
1393 3970 1519 4034 Scilicet
1546 3973 1674 4053 exceptis
1749 3961 1750 4026 i

219 4059 326 4110 cusandi
347 4075 448 4134 causis
470 4075 520 4146 iis,
547 4093 624 4152 qnos
645 4093 704 4133 uno
727 4076 774 4134 die
795 4075 898 4151 perfici
919 4075 970 4133 lex
992 4075 1088 4148 iubet,
1110 4075 1217 4134 duovir
1237 4075 1379 4136 iudicium
1401 4095 1542 4136 exercere
1564 4085 1675 4137 vetatur
1749 4083 1750 4162 t

347 4185 416 4236 ante
436 4177 540 4234 horam
562 4178 687 4252 primam
706 4185 735 4235 et
749 4185 819 4254 post
833 4177 1029 4236 undecimam.
1062 4177 1151 4252 Quod
1167 4175 1339 4258 ambIguum
1355 4189 1402 4239 est
1416 4189 1516 4240 utrum
1531 4181 1675 4258 accipien-

347 4281 415 4338 dum
443 4280 482 4338 sit
508 4279 544 4336 de
571 4279 667 4355 prima
694 4287 800 4354 coepta
824 4287 854 4338 et
876 4279 1031 4340 undecima
1052 4281 1174 4356 expleta
1195 4300 1233 4340 an
1255 4283 1293 4341 de
1315 4284 1410 4358 prIma
1430 4283 1555 4360 expleta
1576 4291 1606 4342 et
1626 4301 1675 4341 uu·
1749 4327 1750 4330 .

347 4381 463 4440 decima
481 4391 601 4458 coepta;
624 4382 751 4442 conferri
773 4389 873 4458 potest
893 4383 973 4460 quod
994 4383 1073 4462 apud
1089 4383 1252 4460 Paulum⁴)
1275 4393 1455 4444 testamenta
1475 4385 1615 4446 iubentur
1634 4402 1675 4442 re·
1749 4437 1750 4440 ,

427 4721 449 4804 ¹)
475 4723 544 4774 Nam
568 4723 595 4772 hi
620 4738 721 4790 quoque
745 4724 812 4774 inter
836 4725 926 4776 mines
949 4731 1117 4776 numerantur
1141 4731 1167 4775 et
1190 4726 1218 4776 iu
1236 4725 1293 4792 lege
1312 4725 1404 4778 Ginaia
1426 4725 1501 4787 (Vat.
1519 4726 1552 4776 tr.
1567 4725 1634 4787 302)
1653 4731 1676 4773 et

348 4815 419 4866 alibi.
456 4815 554 4866 Klenze
573 4817 590 4866 l.
605 4833 627 4866 c.
645 4833 671 4882 p.
687 4817 748 4867 109.

424 4924 449 4990 ²)
479 4927 589 4978 Collatia
609 4929 634 4990 9,
650 4929 675 4990 2,
691 4929 706 4978 2
721 4947 754 4968 =
768 4926 829 4993 Dig.
845 4929 888 4991 22,
903 4927 928 4991 5,
943 4929 968 4992 3,
986 4929 1011 4978 5.

425 5035 450 5099 ³)
478 5039 608 5088 Asconius
627 5039 654 5088 in
673 5037 765 5089 Milon.
786 5055 811 5104 p.
826 5041 870 5092 40.

425 5149 450 5213 ⁴)
482 5167 501 5201 s.
517 5166 538 5200 r.
557 5151 582 5210 4,
599 5151 624 5212 6,
640 5152 664 5214 2,
694 5151 725 5201 In
745 5165 823 5202 causa
834 5151 981 5203 Miloniana
998 5152 1084 5216 priore
1104 5151 1146 5201 die
1164 5151 1288 5201 indicium
1307 5151 1441 5202 dimissum
1459 5157 1497 5202 est
1510 5153 1577 5202 circa
1589 5151 1673 5200 horam

328 5243 484 5306 »decimam
504 5243 647 5309 posteriore
666 5245 767 5294 sortitio
786 5244 899 5296 iudicum
919 5260 934 5294 a
953 5245 1037 5310 primo
1057 5244 1099 5294 die
1118 5244 1186 5294 faeta
1200 5251 1245 5306 est,
1266 5251 1429 5295 accusatores
1442 5251 1582 5310 coeperunt
1594 5243 1675 5293 dicere

349 5337 417 5386 intra
440 5334 531 5386 horam
551 5336 690 5386 secandam
716 5335 829 5400 (Asson.
848 5354 875 5402 p.
888 5339 933 5388 41.
952 5335 1011 5400 42).
1050 5336 1091 5388 Cf.
1110 5337 1200 5387 Keller
1222 5333 1389 5404 Oiailproaess
1407 5353 1434 5402 p.
1449 5337 1491 5389 16.
1528 5333 1675 5402 Marquardt

350 5426 543 5480 Privataltertd.
565 5432 589 5492 1,
604 5429 666 5482 261.
