3520 6006
325 528 400 598 128
760 543 1068 596 annrraunurvu
1087 541 1171 592 voc.
1191 541 1220 590 11

734 647 886 656 -—--.

320 721 412 780 fallor
434 719 674 796 antiquissimum
697 717 789 796 est1).
823 717 897 778 Item
919 717 1140 796 sexagesimum
1163 733 1273 774 annum
1296 733 1361 772 cum
1376 714 1459 790 leges
1475 715 1656 776 recentiores

321 823 358 882 de
380 843 412 880 re
434 822 606 898 municipali
628 821 717 900 plane
739 823 889 898 ignorent,
912 819 1076 896 antiquitus
1099 836 1166 876 eum
1187 818 1277 876 finem
1299 817 1391 876 lulsse
1413 824 1533 876 constat
1555 837 1657 876 mune·
1743 837 1744 840 ¹

321 945 387 984 rum
409 926 599 1002 publicorum
621 924 860 1002 principiumque
882 923 978 982 iustae
1000 917 1245 996 immunitatisl).

204 1549 296 1600 Ponti·
409 1537 605 1601 Sacerdotem
632 1538 762 1616 collegia
786 1538 845 1597 duo
872 1539 938 1598 sola
962 1546 1231 1599 commemorantur
1258 1557 1406 1616 augurum
1427 1539 1661 1616 pontificumque

214 1625 284 1684 Μ’
323 1642 451 1720 (1,1)‚
486 1659 564 1718 quae
596 1649 698 1700 notum
732 1649 779 1700 est
811 1642 900 1700 etiam
928 1641 958 1699 in
985 1661 1017 1698 re
1049 1642 1170 1719 publica
1199 1641 1339 1700 Romana
1373 1641 1439 1700 sola
1474 1641 1571 1702 fuisse
1604 1641 1662 1718 ipsi

194 1711 304 1764 ‘iugum
325 1745 466 1822 aequalia
491 1763 546 1802 nec
573 1743 704 1802 defuisse
730 1744 761 1802 in
787 1743 850 1802 ulla
876 1743 913 1802 ad
939 1745 1005 1802 eius
1033 1744 1257 1804 similitudinem
1280 1746 1425 1804 instituta.
1470 1742 1662 1804 Commemo-

325 1855 431 1906 rantur
457 1853 554 1906 autem
577 1848 632 1920 ita,
661 1856 695 1905 ut
715 1845 784 1904 inde
807 1857 951 1922 appareat
972 1865 991 1903 a
1013 1847 1219 1906 sacerdotibus
1242 1847 1302 1906 illis
1325 1847 1437 1924 pariter
1458 1857 1551 1924 etque
1575 1867 1593 1904 a
1615 1847 1663 1904 de-

327 1949 498 2009 curionibus
525 1950 732 2026 magistratum
759 1949 868 2028 pignus
896 1967 1003 2026 capere
1029 1950 1177 2027 potuisse,
1205 1950 1231 2010 si
1257 1951 1309 2026 qui
1331 1968 1432 2008 eorum
1456 1949 1559 2008 officio
1581 1949 1662 2026 fungi

327 2052 521 2122 detrectarem
550 2052 630 2128 quod
651 2051 766 2110 Romae
788 2069 908 2128 quoque
930 2051 1096 2111 obtinuisse
1119 2050 1226 2111 Cicero
1249 2052 1411 2130 sIguifioat‚
1433 2052 1483 2110 ubi
1505 2051 1592 2128 siti)
1614 2052 1662 2108 tri·

328 2155 439 2214 bunum
462 2153 560 2230 plebis
582 2154 715 2232 pontifici
737 2153 782 2212 vel
803 2156 970 2212 denuntiare
991 2154 1129 2231 potulsse
1150 2133 1194 2212 vel
1216 2157 1301 2212 edam
1323 2173 1428 2230 copore.
1743 2221 1744 2224 Ἴ

193 2267 314 2319 carata·
411 2258 453 2315 At
480 2275 591 2315 novum
618 2257 740 2316 omnino
767 2255 875 2316 accidit
899 2257 980 2332 quod
1007 2275 1032 2314 c.
1054 2253 1227 2316 CXXVIII
1247 2258 1445 2334 perscriptum
1467 2266 1512 2315 est
1535 2257 1574 2314 de
1596 2274 1664 2314 cura
1743 2267 1744 2270 ’

205 2357 298 2393 ¹¹⁰¹¹¹¹¹¹
328 2360 450 2438 publica
474 2359 610 2418 fanorum
637 2359 816 2437 templorum
844 2359 1050 2431 delubrorum,
1077 2358 1190 2418 scilicet
1216 2359 1343 2438 singulis
1370 2360 1456 2418 annis
1478 2359 1599 2417 IIviros
1628 2378 1662 2416 ex
1743 2421 1744 2424 Ἴ

331 2463 525 2522 decurionum
547 2461 666 2520 decreto
688 2462 726 2520 ad
749 2460 868 2541 singula
888 2461 960 2520 fana
981 2461 1141 2538 magistros
1163 2461 1263 2520 facere
1285 2471 1431 2538 oportere,
1454 2462 1505 2538 qui
1528 2461 1663 2538 magistri
1743 2501 1744 2508 .

331 2565 421 2623 ludos
450 2565 614 2638 circenses,
645 2563 805 2636 sacrificia,
831 2563 1002 2642 pulvinaria
1027 2564 1147 2622 faciant.
1190 2563 1269 2622 Nam
1295 2569 1427 2641 erupisti
1445 2567 1516 2638 soei
1543 2563 1662 2640 quidem
1743 2573 1744 2640 3

331 2667 493 2744 aliquoties
515 2667 545 2723 in
567 2667 717 2742 lapidibus
739 2666 1063 2742 commemorantum),
1087 2666 1140 2724 sed
1162 2685 1222 2743 quo
1245 2668 1312 2725 loco
1333 2667 1459 2739 fuerint,
1481 2686 1590 2744 parum
1613 2684 1663 2724 no·
1743 2679 1744 2748 ᾗ

329 2787 445 2841 ramus,
476 2787 544 2827 cum
572 2769 748 2846 praesertim
776 2769 901 2846 reliquis
929 2769 1110 2829 illustriores
1138 2771 1298 2849 magistros
1327 2767 1498 2847 Campanos
1529 2777 1662 2846 apertum
1743 2749 1744 2754 ἵ

331 2873 371 2930 sit
392 2871 613 2949 quodammodo
637 2873 821 2930 successisse
841 2872 872 2930 ln
895 2871 993 2930 locum
1011 2871 1250 2948 magistratuum,
1274 2872 1325 2948 qui
1341 2890 1376 2930 eo
1391 2880 1526 2949 tempore
1542 2869 1663 2948 Capuae
1743 2895 1744 2944 j

329 2975 406 3034 nulli
427 2981 521 3046 erant,
545 2973 645 3050 itaque
667 2993 744 3050 quae
766 2973 803 3032 de
821 2974 859 3033 iis
882 2974 1039 3033 traduntur
1060 2981 1207 3050 quatenus
1230 2974 1354 3050 reliquis
1377 2991 1496 3050 quoque
1515 2981 1591 3051 apta
1606 2973 1663 3031 sint

329 3078 393 3136 iure
419 3075 548 3134 dubitari
575 3083 701 3152 poterat.
746 3075 810 3134 lem
837 3077 918 3152 quod
945 3095 1047 3136 eorum
1076 3077 1156 3135 tituli
1182 3085 1330 3136 testantur
1354 3074 1477 3152 Capuae
1503 3076 1661 3154 magistros
1743 3093 1744 3132 t

330 3180 493 3256 quotannIs
516 3179 643 3237 refectos
666 3196 732 3238 esse
754 3179 902 3254 ludosque
919 3179 1049 3238 edidisse
1072 3179 1177 3254 (roll
1198 3199 1226 3256 p.
1248 3177 1319 3254 159)
1342 3177 1372 3236 id
1391 3179 1490 3254 ipsum
1506 3179 1546 3236 ad
1563 3194 1662 3236 omues

329 3283 467 3341 fanorum
490 3281 651 3358 magIstros
673 3282 829 3359 pervenire
851 3282 923 3340 baec
944 3281 994 3340 lex
1016 3281 1156 3354 ostendit,
1178 3299 1232 3340 nec
1253 3281 1340 3340 facile
1362 3282 1490 3358 posthac
1504 3281 1661 3358 quIsquam
1743 3273 1744 3282 ’

330 3384 451 3463 negabit
473 3386 635 3463 magistros
655 3385 801 3453 fanorum,
825 3384 930 3461 quales
953 3385 1012 3442 iam
1034 3383 1193 3442 didicimus
1214 3383 1247 3442 iu
1269 3383 1387 3442 colonia
1403 3381 1555 3442 Genetiva
1571 3380 1660 3440 creari

331 3486 438 3546 solitos
460 3504 544 3560 esse,
570 3487 660 3546 etiam
681 3487 713 3546 in
734 3486 860 3563 reliquis
882 3486 1007 3546 coloniis
1029 3486 1260 3562 municipiisque
1283 3504 1436 3545 sacrorum
1459 3504 1565 3544 curam
1586 3485 1661 3544 simi·
1743 3467 1744 3554 Ῐ

330 3589 399 3648 liter
425 3589 534 3668 egisse.
579 3591 621 3646 At
647 3598 677 3647 et
698 3589 850 3648 difficillus
872 3589 1028 3666 longeest
1050 3597 1079 3646 et
1100 3589 1194 3647 multo
1217 3588 1339 3646 maioris
1361 3589 1505 3646 momenti
1526 3585 1661 3646 determi-
1743 3609 1744 3672 }

331 3800 535 3810 ——-

409 3940 433 4003 ¹)
461 3942 535 3992 Idem
560 3941 683 4006 proponit
700 3940 792 3991 Festus
811 3955 835 3989 r.
855 3939 936 4004 pubes
954 3955 980 4004 p.
996 3938 1057 3990 250.
1096 3941 1163 3990 Iuris
1185 3947 1302 3990 auctores
1321 3939 1441 4000 delusi,
1459 3939 1510 3989 196
1531 3945 1556 3987 et
1574 3937 1659 4002 Ulpia·
1743 3953 1744 3960 ¹

331 4051 379 4085 nus
402 4037 444 4096 11,
465 4036 498 4085 28
519 4033 621 4084 scholas
640 4033 673 4082 de
692 4034 802 4083 termino
822 4032 972 4082 dissensisse
990 4032 1118 4094 referunt,
1144 4039 1172 4082 ut
1190 4047 1247 4083 eam
1266 4049 1343 4098 quam
1364 4032 1483 4083 Caesaris
1502 4033 1545 4080 lex
1565 4029 1659 4096 opimo·
1743 4035 1744 4042 ’

244 4124 245 4127 ’
332 4143 391 4178 nem
410 4127 560 4179 Proculiani
579 4127 659 4176 secuti
678 4127 736 4175 sint.

410 4217 435 4282 ²)
463 4221 547 4270 Varro
572 4218 642 4284 apud
660 4218 774 4268 Nonium
793 4234 819 4282 p.
835 4217 902 4268 523:
927 4233 981 4269 cum
1071 4215 1196 4268 ludebant
1214 4214 1269 4268 LX
1285 4233 1377 4280 aanor,
1403 4224 1452 4266 mm
1471 4215 1576 4282 denique
1595 4219 1661 4265 aaut
1743 4279 1744 4282 Ἴ

333 4330 350 4362 α
366 4309 477 4380 pttdlt'cs's
496 4311 604 4378 neqots'ia
623 4307 699 4360 liberi
715 4318 788 4377 atque
808 4311 890 4361 otiosi.
924 4313 1024 4361 Auctor
1043 4311 1077 4361 ad
1089 4312 1201 4361 Herenn.
1217 4313 1242 4374 2,
1259 4311 1301 4372 13,
1317 4311 1364 4360 201
1385 4315 1413 4358 ut
1429 4309 1511 4358 maior
1527 4310 1602 4358 munia
1613 4301 1661 4356 tx

333 4413 357 4454 et
376 4405 418 4455 cui
435 4401 535 4455 morbus
554 4410 694 4464 causaest,
716 4405 867 4470 cognitorem
886 4401 934 4454 det.
964 4405 1032 4456 Vide
1052 4404 1083 4453 de
1102 4404 1209 4454 militari
1228 4409 1310 4453 aetate
1323 4401 1467 4452 Beckerum
1487 4401 1584 4452 enchir.
1599 4403 1622 4462 2,
1637 4402 1658 4458 1,

334 4499 396 4550 215.
412 4498 479 4558 216,
506 4498 538 4547 de
557 4497 687 4546 senatoria
705 4497 740 4546 ib.
763 4499 787 4558 2,
803 4498 828 4558 2,
843 4499 906 4547 407.
925 4523 959 4534 -·
984 4497 1016 4546 In
1035 4511 1064 4546 re
1082 4497 1232 4562 municipali
1252 4495 1321 4560 quod
1339 4501 1430 4560 postea
1449 4495 1561 4545 obtinuit
1578 4507 1659 4544 mune·

332 4605 390 4640 rum
411 4591 524 4640 civilium
543 4589 731 4639 immunitatem
751 4589 865 4653 incipere
884 4595 943 4654 post
961 4603 1056 4639 annum
1076 4589 1290 4654 septuagesimum
1310 4587 1386 4653 (Dig.
1402 4589 1445 4649 50,
1461 4589 1486 4648 2,
1501 4588 1527 4649 2,
1544 4589 1568 4636 8.
1588 4587 1623 4636 tit
1636 4585 1657 4643 6,

333 4685 351 4732 4
370 4680 419 4746 [3].
457 4683 536 4733 Kuhn
556 4679 632 4732 stride.
651 4677 719 4744 Vers.
740 4683 763 4744 1,
780 4681 834 4743 70),
855 4690 976 4732 nontam
996 4682 1030 4732 ad
1048 4696 1140 4747 operas
1159 4696 1238 4732 mauu
1256 4680 1388 4730 faciendas
1406 4681 1518 4745 pertinet
1536 4695 1612 4744 quam
1628 4677 1658 4726 ad

334 4774 480 4824 curationes
498 4774 652 4839 similiaque.

409 4863 433 4928 ³)
463 4866 506 4916 De
525 4866 602 4916 domo
623 4866 745 4928 45,117.
785 4865 825 4916 cf.
845 4865 902 4916 Liv.
918 4866 961 4928 33,
975 4869 1019 4916 42.
1119 4891 1123 4894 ·

410 4955 435 5020 ⁴)
465 4957 545 5010 Orell.
560 4960 630 5010 2218
646 4978 679 4999 --
693 4959 715 5008 Ι.
729 4959 763 5009 N.
778 4959 864 5010 3942:
883 4975 949 5024 may.
961 4959 1026 5024 suoi
1037 4955 1150 5008 Iunonis.
1183 4957 1262 5009 Orell.
1277 4958 1348 5009 3053
1363 4958 1431 5007 =1.
1446 4957 1480 5007 N.
1495 4956 1580 5008 3636:
1599 4969 1656 5019 moy.

326 5049 387 5116 sau.
407 5047 487 5100 Diua.
506 5048 584 5116 Tifat.
620 5051 680 5102 Non
700 5051 796 5101 diuersi
814 5057 874 5101 sunt
893 5052 986 5116 opinor
997 5051 1119 5116 surorum
1138 5058 1268 5101 curatores
1286 5049 1404 5100 homines
1422 5050 1527 5114 ingenui
1547 5055 1658 5114 quattuor

334 5143 402 5192 tituli
416 5143 574 5194 Veronensis
595 5142 711 5204 (Henzen
726 5145 798 5194 5990
819 5163 852 5184 =
873 5143 902 5194 C.
917 5145 938 5196 I.
952 5145 983 5195 L.
997 5145 1031 5206 V,
1046 5145 1131 5208 39243
1151 5143 1184 5194 cf.
1203 5143 1300 5194 ibidem
1319 5157 1344 5192 n.
1360 5142 1441 5192 3310.
1456 5140 1538 5203 5311)
1558 5141 1658 5192 slmiles·
1743 5199 1744 5208 ἦ

228 5300 231 5308 1
335 5249 384 5304 que
403 5234 465 5284 alibi
485 5235 600 5300 (Heuzeu
619 5236 673 5289 ind.
692 5253 717 5306 p.
734 5237 806 5300 161).
