3504 6004
187 1754 270 1868 SC.
309 1756 394 1868 llll
432 1754 735 1869 NVNDINIS
775 1755 1008 1870 SALTVS
1047 1753 1405 1877 BllGVllNSlS.

62 2359 66 2364 '
122 2268 191 2410 Iu
211 2349 315 2408 radice
338 2349 467 2408 saltuum
491 2351 611 2410 illorum
632 2353 741 2428 quibus
767 2351 907 2427 planities
930 2350 1129 2413 Sufetolonsis
1153 2358 1185 2410 et
1206 2349 1351 2412 Sufetana
1371 2367 1457 2428 sepa·

122 2461 215 2510 ratur
240 2453 280 2510 ab
308 2471 345 2510 ea
372 2472 447 2528 quae
475 2455 656 2513 occidentem
683 2471 788 2513 versus
816 2454 985 2514 extenditur
1011 2473 1104 2532 usque
1134 2455 1171 2512 ad
1193 2461 1319 2525 montes,
1351 2453 1458 2528 quint

34 2594 40 2647 ;
120 2555 199 2613 olim
231 2555 312 2613 inter
336 2555 519 2632 provinciam
545 2557 788 2634 proconsularem
811 2566 841 2615 et
862 2555 1034 2616 Numidiam
1060 2558 1103 2615 ita
1123 2557 1211 2616 bodie
1236 2557 1457 2631 interregnum

35 2652 40 2727 J
120 2657 322 2715 Tunetanum
346 2658 558 2734 Algeriamque
580 2659 669 2718 finem
692 2660 885 2732 constituunt,
911 2679 930 2716 a
950 2667 1050 2718 monte
1072 2659 1123 2735 qui
1144 2659 1235 2718 hodie
1250 2657 1359 2732 Djebel
1374 2654 1456 2716 Sem·

119 2778 227 2818 meme
244 2759 354 2817 dicitur
375 2761 605 2835 septentrionem
626 2780 740 2833 versus,
763 2762 915 2820 meridiem
938 2771 968 2819 et
982 2762 1165 2821 occidentem
1182 2778 1285 2820 versus
1301 2760 1339 2818 ab
1352 2758 1458 2833 Djebel

36 2944 40 2953 Ι
117 2862 326 2932 Tauruscha‚
359 2863 406 2919 hic
428 2863 489 2921 illie
509 2864 614 2923 ruinae
635 2865 826 2922 inveniuntur
852 2865 992 2923 circuitus
1018 2866 1061 2922 ita
1088 2863 1172 2942 parvi
1195 2863 1247 2921 vix
1274 2869 1305 2920 ut
1326 2862 1458 2920 vicorum

110 2965 279 3040 reliquiae
306 2964 398 3022 fuisse
423 2965 587 3024 videantur.
635 2966 748 3024 Eodem
770 2985 873 3026 omnes
895 2967 1012 3026 nomine
1034 2967 1071 3025 ab
1094 2966 1246 3024 Arabibus
1268 2963 1397 3022 nuncin
1419 2963 1458 3020 iis

106 3069 197 3127 loeis
235 3066 443 3124 habitantibus
470 3067 654 3143 Heraclir1)
687 3069 713 3126 el
737 3069 838 3144 Bepar
864 3069 1063 3145 appellantur.
1116 3068 1220 3126 Victor
1244 3063 1374 3136 (ludria,
1407 3065 1459 3140 qui

32 3164 41 3257 Ι
103 3173 246 3250 primus
271 3169 418 3227 antelios
440 3169 500 3227 lere
522 3171 688 3246 quindecim
711 3189 806 3230 annos
829 3171 911 3228 illam
933 3173 1084 3247 regionem
1105 3178 1309 3244 perscrutatus
1332 3175 1387 3240 est,
1415 3168 1458 3225 iu-

99 3277 189 3336 cidit
224 3273 272 3329 ibi
303 3271 332 3328 in
359 3281 579 3331 monumentum
602 3273 734 3330 omnium
760 3291 837 3348 quae
860 3293 898 3332 ex
921 3273 1075 3350 provincia
1096 3272 1303 3349 proconsulari
1324 3271 1459 3328 innotue-

92 3385 184 3440 runt
216 3373 316 3434 facile
342 3375 548 3449 gravissimum
576 3375 633 3434 hoc
666 3385 712 3434 est
744 3375 774 3434 in
807 3376 939 3434 tabulam
969 3375 1076 3451 lapidis
1109 3375 1229 3434 calcarii
1262 3375 1353 3432 altam
1378 3373 1392 3430 1
1418 3391 1455 3430 m.

94 3485 148 3544 64
176 3487 283 3547 cent,
310 3475 399 3534 latam
422 3487 497 3536 cent.
522 3477 572 3547 80,
598 3479 703 3553 viginti
726 3477 871 3554 noveml)
895 3478 1029 3538 versibus
1051 3479 1239 3554 inscriptam:
1273 3495 1338 3534 eam
1360 3475 1459 3551 ipsam

88 3594 223 3647 autem
258 3580 305 3637 ita
331 3577 456 3638 deletam
485 3579 618 3656 repperit
645 3587 678 3636 ut
705 3579 741 3638 de
768 3580 896 3638 lectione
922 3581 1044 3639 maioris
1071 3581 1164 3658 partis
1191 3580 1256 3638 eius
1288 3579 1460 3654 desperaret

86 3709 162 3752 nec
191 3681 266 3746 nisi
292 3699 397 3739 versus
417 3682 553 3740 undecim
575 3691 743 3760 postremos
767 3683 992 3758 describereti)
1036 3683 1110 3741 Post
1125 3701 1191 3741 enm
1214 3689 1282 3740 ante
1304 3701 1349 3738 me
1372 3698 1459 3738 nemo

84 3791 196 3874 quod
226 3785 330 3845 sciam
353 3785 419 3842 loca
440 3785 492 3842 illa
513 3804 573 3844 non
596 3786 684 3844 nimis
707 3792 773 3843 tuta
794 3786 881 3858 adiit3
905 3787 969 3864 ipse
985 3795 1084 3844 autem
1099 3803 1135 3842 ea
1156 3784 1215 3842 adii
1239 3801 1364 3860 sperans
1387 3782 1459 3840 milri

83 3902 260 3960 sortasse
284 3889 317 3944 in
339 3887 394 3943 hoc
416 3905 536 3964 quoque
558 3897 749 3946 monumento
771 3909 833 3947 rem
857 3889 962 3947 melius
986 3905 1192 3946 successuram
1214 3903 1290 3944 esse.
1339 3885 1458 3944 Primas

82 4001 226 4064 ruinas
256 4007 336 4066 quas
356 3989 454 4065 Begar
476 3991 622 4048 nominari
644 3991 759 4049 incolae
781 3991 853 4050 mihi
876 3991 1021 4061 dicebant,
1044 3990 1157 4048 frustra
1179 3988 1459 4066 pervestigaveram‚
1518 3993 1521 3996 ’

82 4111 176 4166 irem
211 4091 383 4161 secundas,
405 4090 532 4168 denique
555 4093 586 4150 in
608 4093 703 4150 tertiis
726 4094 784 4150 iam
807 4102 965 4169 antequam
988 4093 1123 4168 deeque
1147 4091 1356 4150 descenderem
1378 4089 1460 4148 haud

83 4199 229 4288 procul
263 4195 306 4251 ab
332 4191 489 4252 ruderibus
516 4195 590 4253 satis
617 4196 735 4272 amplae
767 4197 898 4270 porticus
921 4196 1085 4273 quadratae
1115 4195 1286 4272 ingentibus
1323 4194 1459 4271 postibus

83 4310 222 4374 fultae,
251 4296 401 4370 conspexi
422 4295 553 4371 lapidem
575 4296 672 4355 adhuc
694 4297 797 4356 eodem
818 4298 948 4357 fortasse
969 4299 1036 4356 loco
1058 4305 1194 4368 stantem,
1217 4315 1278 4372 quo
1293 4295 1376 4354 stetit
1387 4295 1459 4353 olim

85 4429 171 4473 cum
203 4397 373 4461 nundinae
400 4399 432 4456 in
460 4417 495 4456 eo
522 4409 770 4458 commemoratae
791 4400 833 4458 ibi
855 4401 1049 4460 habebantur.
1093 4399 1231 4459 Porticus
1252 4399 1333 4456 illius
1355 4397 1460 4455 titulus

87 4517 118 4576 gi
148 4506 223 4587 qui
249 4517 387 4576 unquam
409 4501 479 4573 fuit,
505 4510 558 4559 aut
579 4502 669 4578 periit
689 4509 741 4560 aut
772 4503 827 4562 sub
856 4512 936 4563 terra
957 4504 1042 4562 latet:
1076 4502 1140 4562 sine
1162 4502 1253 4560 dubio
1275 4509 1373 4559 autem
1394 4500 1461 4576 ipsa

90 4723 340 4750 „....-—-—

191 4891 224 4954 1)
258 4881 395 4935 Hanacbr'r
412 4885 438 4934 in
459 4899 538 4950 regno
559 4886 695 4936 Tunetano
715 4887 820 4938 omnino
840 4895 953 4938 veterum
974 4887 1126 4953 oppidomm
1146 4887 1236 4938 ruinae
1255 4895 1389 4939 vocantur.

190 4982 226 5044 ²)
260 4977 385 5041 Triginta
403 4978 470 5027 male
489 4978 557 5027 dixit
575 4977 723 5029 Gnerinius.

188 5075 223 5136 ³)
258 5067 361 5122 Guerin
381 5085 437 5134 roy.
458 5068 527 5121 ureb.
549 5072 562 5119 1
583 5086 609 5135 p.
624 5069 690 5121 391:
718 5069 948 5123 moldeureusemerrt
972 5080 1038 5124 toute
1058 5073 1084 5123 la
1106 5073 1191 5140 partie
1214 5069 1356 5141 mpdrieare
1380 5090 1397 5123 a
1420 5065 1459 5123 e'te'

90 5167 209 5238 ronqbe
237 5177 296 5230 par
319 5177 366 5210 one
391 5167 457 5212 sorte
476 5161 506 5211 de
525 5161 605 5212 lichen
628 5165 672 5230 qui
690 5180 707 5214 a
725 5162 803 5214 altire'
818 5163 1005 5231 profondtment
1025 5167 1052 5216 la
1066 5166 1174 5233 pluport
1192 5165 1237 5216 cles
1254 5162 1400 5226 caracteres,
1432 5180 1458 5216 ce

91 5268 146 5336 qm·
169 5275 210 5312 ne
235 5248 292 5305 m'a
308 5253 404 5320 pennis
422 5252 452 5303 de
471 5250 605 5320 ddclfflrer
624 5249 699 5321 qu'un
714 5257 781 5323 petit
798 5255 898 5308 nombre
916 5257 947 5308 de
964 5267 1028 5310 muts
1046 5257 1110 5309 dona
1129 5257 1307 5325 leodienses
1325 5253 1460 5326 premidrea

93 5361 214 5426 liquens
241 5347 282 5398 les
302 5361 362 5396 onze
379 5341 506 5397 dernieres
524 5353 580 5397 sont
599 5345 724 5415 beaucoup
742 5347 801 5416 plus
811 5349 908 5416 faciles
926 5348 943 5399 ὰ
962 5351 1017 5401 lire.

1198 5441 1234 5500 19
