3520 6006
84 2281 654 2398 commenticias
718 2281 1180 2398 EPIGRAPHICAE
1243 2279 1415 2396 Tuus
1521 2283 1522 2291 ‘

735 2743 765 2818 Ι.

178 2977 253 3053 DE
288 2975 471 3053 TITVLO
504 2975 806 3053 SEPVLORALI
837 2975 963 3052 0800
995 2975 1312 3053 LVOANORVM.

84 3226 230 3390 Nuper
254 3311 313 3370 Th.
336 3312 502 3372 Mommsen
528 3331 641 3372 mecum
664 3313 897 3372 communicavit
917 3313 976 3371 duo
998 3281 1200 3390 inscriptidnis
1224 3312 1324 3372 Oscae
1345 3331 1418 3390 apo·

84 3415 194 3491 grapha
206 3415 322 3474 litteris
338 3413 463 3474 Graecis
480 3423 651 3493 conceptae,
673 3433 751 3491 quac
766 3414 897 3493 repperit
917 3415 947 3472 in
966 3413 1112 3472 Mandelli
1132 3414 1206 3472 libro
1226 3415 1261 3472 de
1281 3405 1416 3474 Moenia

84 3535 164 3575 nana
189 3519 303 3592 scripto
332 3516 514 3576 bibliothecae
539 3517 768 3594 Neapolitanae,
806 3517 963 3574 anemius
990 3534 1108 3590 eorum,
1135 3519 1187 3592 qui
1216 3518 1417 3576 monumentis

84 3615 202 3694 linguae
213 3617 318 3678 Oscae
337 3617 513 3695 colligendis
533 3629 623 3696 atque
642 3619 873 3697 interpretandis
888 3637 1009 3696 operam
1020 3619 1173 3690 dederunt,
1189 3619 1342 3696 bucusque
1357 3637 1417 3678 me-

85 3729 197 3778 morata
211 3721 262 3778 vel
277 3721 308 3778 in
329 3721 426 3779 lucem
443 3728 606 3797 protracta.
649 3721 729 3780 Tum
751 3723 840 3780 etiam
863 3741 882 3780 a
904 3719 943 3780 G.
967 3721 1004 3778 dc
1025 3721 1117 3780 Petra
1131 3721 1333 3797 Neapolitano
1353 3721 1418 3781 viro

85 3821 262 3882 doctissimo
277 3821 378 3899 accepi
399 3823 545 3902 imagines
560 3823 704 3882 Mandelli
719 3823 960 3901 apographorum
982 3833 1065 3882 carta
1078 3823 1228 3900 pellucido
1241 3823 1416 3882 delineatae.

84 3923 230 3983 Mandelli
259 3924 351 4002 igitur
376 3925 406 3982 in
433 3943 506 4002 agre
532 3925 635 4003 oppidi
663 3927 762 3985 Diano
783 3925 937 3983 Lucaniae
964 3943 1057 4000 prope
1078 3925 1188 3984 fontem
1218 3924 1249 3986 S.
1274 3925 1420 3986 (τ’ἰουαηπί

85 4023 197 4084 invenit
212 4025 354 4103 lapidem,
377 4044 466 4102 quem
486 4027 534 4086 his
556 4027 657 4086 verbis
672 4027 827 4100 describit,
854 4029 916 4086 Vol.
932 4027 958 4100 Ι,
976 4047 1008 4104 p.
1028 4028 1078 4088 94.
1102 4023 1194 4102 „Non
1215 4029 1291 4088 devo
1312 4027 1419 4086 tralas·

87 4127 163 4186 ciarc
187 4127 219 4186 di
243 4128 294 4204 qni
317 4129 494 4188 trascrivere
514 4129 534 4187 l’
550 4129 713 4189 iecrittione
735 4129 764 4188 d‘
779 4151 820 4190 an
841 4149 965 4200 marma,
989 4129 1043 4186 che
1064 4130 1114 4189 nel
1134 4130 1224 4208 piano
1247 4131 1326 4190 della
1346 4130 1419 4188 cirta

87 4227 115 4286 di
128 4228 234 4288 Diana
248 4230 309 4288 aria
328 4231 427 4306 patria
441 4231 467 4288 si
487 4231 607 4291 ritrova.
652 4231 768 4306 Questo
784 4251 897 4291 marma
913 4240 1025 4290 mostra
1039 4250 1099 4290 non
1113 4250 1215 4290 essere
1229 4233 1353 4306 entiero,
1369 4251 1419 4290 ma

88 4350 123 4388 un
138 4351 236 4408 pezae
250 4332 279 4390 di
293 4351 410 4391 marmo
426 4333 584 4410 maggiore.
608 4333 676 4411 Egli
691 4334 707 4392 ὲ
722 4334 752 4392 di
767 4333 933 4412 lunghezza
946 4334 1026 4392 circa
1039 4341 1084 4392 tre
1098 4333 1199 4410 palmi,
1214 4335 1244 4392 di
1258 4335 1419 4412 largheaaa

90 4433 208 4492 intorno
232 4434 257 4491 a’
274 4435 342 4507 due,
365 4434 507 4510 semplice
529 4455 545 4493 e
566 4453 665 4508 roano,
694 4436 776 4494 nella
797 4436 827 4494 di
848 4436 897 4494 cui
918 4443 1003 4512 parte
1024 4437 1116 4513 piane
1136 4437 1164 4495 si
1185 4435 1299 4495 nitram
1319 4436 1420 4514 quella

89 4533 253 4595 iscrittione
278 4537 324 4604 da,
342 4556 390 4596 me
416 4555 472 4595 con
501 4537 649 4614 diligeuza
674 4539 787 4616 grande
812 4538 960 4614 ricopiata
986 4539 1162 4614 conquesti
1189 4539 1329 4597 caratteri
1355 4539 1420 4598 cosi

93 4635 239 4697 differenti
263 4639 311 4698 ira
337 4639 369 4698 di
397 4637 464 4698 loro
494 4639 526 4697 in
550 4639 718 4716 grandense
739 4641 815 4699 etc.“
858 4638 1021 4699 Praeterea
1042 4639 1185 4698 Mandelli
1210 4650 1326 4714 narrat,
1351 4659 1419 4699 cnm

91 4739 144 4796 viri
166 4740 289 4816 quidam
312 4739 431 4801 Graece
458 4741 538 4800 docti
560 4741 626 4801 viso
648 4743 821 4821 apographo
845 4741 1034 4801 dubitassent
1060 4743 1097 4801 de
1118 4743 1219 4802 littera
1240 4759 1254 4801 t
1275 4763 1294 4802 a
1315 4761 1347 4801 se
1369 4743 1419 4802 de·

93 4837 213 4914 lineata,
235 4843 356 4921 eiusque
377 4844 446 4902 loeo
467 4844 664 4904 coniecissent
684 4859 701 4902 r
721 4846 753 4904 in
774 4845 875 4921 lapide
897 4844 1040 4921 scriptum
1063 4863 1139 4919 esse,
1158 4861 1201 4904 'se
1222 4844 1301 4903 hunc
1321 4845 1419 4904 denuo

96 4945 281 5005 examinasse
302 4955 395 5023 atque
415 4947 565 5005 invenisse
587 4965 693 5006 revera
713 4947 755 5006 ibi
776 4963 790 5005 t
810 4956 966 5006 exaratum
989 4965 1056 5006 esec
1078 4945 1112 5022 (l
1128 4946 1177 5024 a).
1256 5003 1260 5010 .

173 5031 315 5107 itandelti
337 5037 409 5106 vcro
430 5049 462 5106 in
483 5047 561 5106 libro
583 5067 639 5108 suo
660 5049 708 5108 bis
730 5049 831 5126 poenit
852 5049 971 5108 titulum
993 5049 1101 5108 litteris
1123 5049 1162 5108 ad
1183 5049 1293 5127 lapidis
1316 5049 1421 5108 simili-

97 5147 228 5207 tudinem
248 5149 416 5223 delineatis,
442 5151 571 5228 primum
592 5151 662 5210 loco
683 5158 787 5210 notato
808 5151 898 5227 primi
918 5151 1091 5226 voluminis,
1113 5152 1220 5210 iterum
1242 5153 1272 5210 in
1293 5151 1353 5211 fine
1375 5168 1420 5210 se·

99 5249 185 5308 cundi
199 5251 366 5326 voluminis,
388 5262 550 5330 postquam
572 5253 643 5313 data
664 5271 757 5332 opera
776 5254 984 5332 apographum
1007 5273 1094 5315 snum
1115 5273 1182 5314 cum
1203 5272 1353 5314 marmore
1370 5253 1422 5312 de-

99 5367 153 5410 nuo
174 5353 306 5414 contidit.
675 5351 681 5364 '

1178 5459 1213 5518 11
