3548 6012
579 654 730 706 cYRIAcl
748 655 944 708 anserici.
1407 633 1428 704 3

102 820 156 880 δ’
145 820 259 900 epula
222 819 315 886 ιιῠτὲς
336 821 450 907 ιιετιιξυι
436 819 587 910 Μυρίνης
607 817 801 900 acllldarpo'
789 851 817 891 ες
837 823 874 886 ari
896 831 948 886 τοῦ
968 823 1059 886 αὐτοῦ
1076 817 1285 888 Ἀπᾶλλωνος’
1276 827 1350 910 ιεροῦ
1370 817 1424 914 ipsi

101 951 147 983 οια
172 925 200 984 ἒν
225 951 264 983 τω
291 919 479 1048 ὖπεςιιειμὲνω
501 921 578 1006 λίθῳ
600 920 765 1002 spectitat
785 901 999 1008 aspicerem
951 953 1000 988 και
1021 921 1185 992 καλλίστοις
1206 951 1356 1013 ‘ypocritarum
1377 950 1432 984 ιτα-

99 1031 184 1090 ιιιιοῖς
209 1019 318 1088 πόδι’
306 1023 471 1114 ειιῖγριιιιιια
496 1055 583 1116 ιυρον
627 1033 734 1110 Itaque
764 1035 842 1094 uude
867 1033 915 1092 hie
941 1049 1017 1092 unus
1043 1033 1131 1092 fluxit
1151 1031 1273 1104 titulus,
1299 1030 1431 1090 indidem

100 1143 172 1190 certe
192 1133 383 1210 reliquorum
406 1152 526 1211 quoque
548 1135 635 1212 origo
654 1137 818 1213 repetenda
835 1151 891 1208 est,
914 1145 944 1196 ct
959 1155 1027 1194 eum
1037 1134 1230 1194 Vallioellani
1244 1133 1432 1208 Parianique

100 1235 262 1313 apographi
290 1237 373 1295 idem
400 1236 491 1295 luerit
511 1237 710 1316 archetypum
737 1241 915 1299 Mommseni
937 1238 974 1296 de
997 1235 1125 1315 Cyriaoo
1147 1245 1267 1296 auctore
1288 1235 1430 1294 iudicium

100 1339 168 1395 satis
189 1339 356 1412 probatum
379 1353 435 1400 est.

174 1439 286 1500 Restat
310 1453 345 1501 ut
366 1445 516 1520 proferam
538 1445 619 1524 quod
642 1446 778 1505 versibus
798 1447 830 1503 iu
846 1443 1045 1503 vallicellano
1067 1451 1204 1502 accurate
1222 1439 1328 1500 divisis
1344 1437 1430 1498 fidem

99 1542 191 1600 iaciat
236 1543 274 1602 In
300 1545 406 1605 eodem
429 1547 513 1607 cuius
535 1547 645 1607 lemma
666 1547 755 1606 modo
777 1545 903 1625 adposui
925 1546 1014 1605 titulo
1036 1547 1080 1604 sio
1102 1545 1257 1604 scribitur:

632 1762 788 1822 Ἀπολλωνι
810 1739 891 1848 pippo-

633 1889 795 1950 χρηοτηριω
819 1890 827 1922 ι

633 1977 793 2054 φιὶοταιρος

634 2079 779 2129 ιιττιιλου.
805 2103 843 2114 -

99 2274 126 2320 ut
146 2273 247 2340 pateat
268 2263 426 2322 librarium
448 2273 608 2342 propterea
628 2263 745 2322 litteras
767 2285 848 2346 «χρηο
870 2264 926 2320 v.l
951 2261 1100 2320 delevisse
1122 2261 1204 2339 quod
1221 2262 1252 2322 in
1266 2262 1429 2340 archetypo
1520 2271 1525 2285 ¹

99 2367 192 2424 rersui
214 2365 352 2424 secundo
374 2365 492 2424 demum
512 2384 564 2426 eas
579 2365 670 2424 tribui
685 2365 879 2444 intellegeret.
913 2363 1128 2424 curiosissime
1141 2365 1233 2442 igitur
1246 2365 1324 2423 hauc
1338 2364 1430 2424 officii

98 2469 138 2524 sui
159 2477 277 2544 partem
303 2476 479 2544 persecutus
501 2479 557 2528 cst.
602 2465 724 2542 Quare
746 2467 803 2526 etsi
825 2487 886 2526 non
908 2467 1047 2538 efficitur,
1068 2469 1168 2544 ipsum
1190 2468 1280 2527 etiam
1302 2467 1430 2545 quadra·

98 2571 199 2629 tarium
221 2571 268 2628 ite
290 2589 396 2630 versus
420 2571 626 2644 distribuisse,
653 2577 754 2628 temen
776 2570 813 2628 ad
836 2570 868 2628 id
890 2569 969 2647 quod
991 2569 1079 2628 uobis
1101 2589 1156 2648 pro
1178 2571 1342 2648 archetypo
1363 2587 1430 2628 sese

98 2671 178 2729 debet
204 2673 383 2748 exemplum
410 2673 546 2749 proxime
573 2673 765 2732 accessimus.
809 2671 930 2730 Etenim
956 2691 1022 2732 cum
1049 2672 1110 2750 ipsi
1134 2672 1252 2750 lapides
1278 2671 1430 2749 perierint,

100 2772 125 2829 in
150 2775 257 2833 eadem
286 2774 377 2852 plane
403 2793 497 2834 cauea
523 2793 687 2847 versemur,
716 2785 805 2852 utque
831 2775 881 2851 qui
908 2775 1065 2850 scriptoris
1090 2773 1217 2834 alicuius
1238 2773 1345 2848 editor,
1371 2774 1431 2834 nisi

101 2875 142 2932 ubi
164 2877 242 2936 ratio
266 2886 365 2949 vetut,
387 2877 453 2936 eius
476 2877 587 2936 codicia
610 2877 746 2954 sequitur
767 2871 988 2950 auctoritatem,
1011 2877 1064 2954 qui
1086 2877 1342 2936 accuratissimam
1364 2895 1430 2954 per·

101 2977 149 3036 diti
173 2979 336 3056 archetypi
363 2981 524 3057 imaginem
553 2980 665 3039 referre
686 2979 829 3039 videatur.
876 2977 984 3056 Neque
1010 2978 1101 3038 eliam
1123 2979 1270 3040 rationem
1292 2981 1323 3038 iu
1343 2979 1431 3038 resti·

100 3081 204 3138 tuenda
225 3081 359 3140 dialecto
380 3082 494 3141 aeolica
517 3091 636 3141 secutus
659 3101 742 3154 sum,
765 3083 851 3140 cuius
871 3081 984 3159 passim
1005 3081 1176 3140 oblitterata
1197 3090 1268 3140 sunt
1288 3081 1430 3158 vestigia3

101 3184 161 3240 cari
185 3205 224 3242 ne
252 3203 317 3261 quo
340 3183 484 3242 aeolicum
506 3183 632 3243 formam
655 3185 779 3242 denseo
801 3183 956 3255 inferrem,
983 3183 1042 3242 uisi
1065 3183 1115 3242 ubi
1137 3183 1245 3243 leviter
1266 3203 1285 3241 a
1307 3183 1431 3242 librario

102 3295 246 3358 peccatum
271 3303 341 3344 esse
362 3286 553 3345 manifestum
575 3285 647 3358 iuit3
669 3304 767 3363 neque
789 3303 849 3362 quo
872 3285 985 3344 monito
1008 3285 1060 3344 vix
1082 3303 1158 3363 opus
1181 3295 1228 3344 est
1249 3285 1288 3343 ad
1309 3302 1431 3344 severas

101 3405 213 3446 normas
241 3387 400 3446 titulorum
427 3389 589 3448 maximam
615 3399 731 3466 partem
761 3388 921 3447 recentium
942 3387 1100 3446 dialectum
1122 3387 1219 3464 exegi.
1263 3385 1325 3447 Diu
1347 3407 1431 3447 man·

102 3488 172 3548 sisse
197 3489 365 3548 dialectum
393 3491 474 3568 apud
495 3491 637 3550 Aeolicus
661 3509 762 3550 verum
783 3499 843 3562 est,
873 3491 926 3549 sed
948 3499 1012 3550 arte
1034 3490 1131 3568 magis
1152 3489 1319 3567 quaesitam
1340 3507 1430 3566 quam

102 3601 200 3648 natura
222 3592 364 3664 insitam,
390 3610 487 3668 neque
508 3593 580 3668 quid
603 3593 661 3651 sibi
682 3591 851 3671 postularet
870 3592 1010 3666 rationis,
1037 3593 1116 3652 iuter
1136 3592 1335 3670 posteriorum
1357 3599 1431 3650 tem-

100 3711 199 3768 porum
226 3695 369 3754 homiues
396 3695 472 3754 setis
499 3695 664 3754 constabat.
708 3697 894 3754 Accentuum
915 3694 998 3754 locus
1021 3713 1088 3753 oum
1110 3695 1281 3754 etiamnunc
1301 3693 1430 3752 difficilis

101 3795 137 3852 sit
156 3807 186 3854 et
207 3797 335 3856 arbitrio
357 3797 453 3874 magis
475 3814 565 3872 quam
587 3797 686 3874 logum
709 3796 879 3857 certitudini
901 3797 1061 3869 obnoxius,
1086 3797 1296 3874 grammaticos
1318 3794 1430 3868 audivi,

101 3897 146 3954 ubi
168 3899 239 3975 quid
262 3898 462 3972 tradiderunt,
485 3899 536 3958 ubi
558 3899 737 3972 deiecerunt,
760 3898 875 3976 vulgari
896 3898 965 3958 usui
987 3897 1250 3958 obsecundandum
1271 3898 1385 3976 putavi.

617 4635 706 4712 Apud
728 4635 911 4726 Mytilenem.

305 4819 1428 4904 naonnnparretinospon-nornnrurlnrreetroutprecrearas}

307 4923 1257 5008 ιιΛιΔιιΔιΝΝοιιιΑχ.ι.κιιιιιιιιοκιιιῑιτωιιενεοιειτιιιι
1282 4925 1429 5000 «arpino

307 5027 1429 5105 neoroouoaperemeris1aarrrzrauprnznonroapunnecou·

307 5129 1428 5207 τιιιυιιιιωιιοε·ΠΡΥΤΑΝιιΙιρετιιεειιεκιιμιιιειιῑ·τιιιιγιιιι

305 5231 1429 5308 κΑτωῑειιιιετωιιε·ιΑΝ-θειΝΒοΛΛΑκιιοΔιιιοῑΙεειιιῑτιιιι

307 5335 1194 5412 rrnunzrnexoutornroonexterminaretantean

1189 5431 1228 5492 10
