3484 6006
531 657 729 709 assuerus
748 657 932 710 mnemon.
1320 639 1392 711 353

882 761 937 769 -.-.-

92 829 160 890 Grad
180 839 253 904 tres,
275 851 313 892 ex
336 830 517 910 Stuplanica
544 834 636 906 duos,
665 852 702 891 ax
724 832 918 910 Kamengrad
940 833 1031 906 duos,
1059 851 1096 891 ex
1118 831 1273 892 Levanslri
1296 831 1394 892 Varo}

90 954 177 1005 unum,
206 953 243 992 ex
273 933 385 994 Nadice
416 935 503 1006 duos,
537 955 576 994 ex
602 933 751 994 Virovitid
783 935 870 1008 duos,
903 936 1038 1013 singulos
1070 955 1108 993 ex
1141 934 1266 1010 Nullan
1300 934 1396 1010 Sotiu,

88 1036 232 1108 Banostor‚
252 1038 360 1110 Ruina,
382 1039 432 1114 qui
455 1047 526 1098 sunt
546 1037 616 1116 pagi
639 1037 703 1115 agri
725 1038 787 1096 lere
809 1038 945 1098 Iasorum
967 1039 1045 1097 inter
1066 1037 1201 1098 Dravum
1223 1047 1253 1097 et
1275 1035 1396 1098 Savum.

89 1137 190 1197 Horum
210 1141 240 1198 in
262 1141 330 1199 aliis
353 1150 457 1200 auctor
477 1142 615 1200 laudatur
636 1139 719 1199 Vaso
741 1141 918 1200 Zdelarovit
939 1141 1066 1213 fiscalis,
1092 1141 1168 1200 alios
1190 1141 1293 1200 llicius
1316 1141 1359 1199 ait
1380 1161 1399 1198 a

90 1258 116 1296 se
135 1241 293 1320 descriptos
315 1262 391 1302 esse.
435 1242 512 1304 Sunt
533 1251 631 1302 antem
654 1244 733 1302 tituli
766 1243 796 1300 hi
819 1245 953 1320 exceptis
975 1245 1013 1302 iis
1035 1245 1201 1320 dequibus
1224 1262 1316 1321 supra
1337 1263 1397 1302 mo·

87 1345 128 1400 nui
147 1361 245 1404 omnes
266 1346 335 1406 salsi
358 1354 387 1405 et
408 1347 451 1404 ita
472 1348 592 1424 quidem
613 1346 741 1420 conficti,
774 1357 807 1405 ut
839 1347 963 1405 eandem
996 1367 1116 1406 manum
1145 1365 1248 1405 omnes
1272 1364 1398 1422 praese

87 1446 170 1504 ferant
183 1466 236 1506 nee
250 1449 390 1508 differunt
405 1450 565 1508 secundum
581 1469 633 1509 eos
648 1454 700 1526 qui
714 1449 874 1508 laudantur
888 1462 1035 1508 auctores.
1066 1448 1232 1508 Universos
1248 1449 1296 1508 hic
1311 1449 1399 1508 edere

87 1549 158 1620 nolo;
180 1551 292 1610 subieci
315 1552 485 1627 speciminis
504 1571 597 1611 causa
611 1551 790 1613 sirmienses
813 1553 889 1612 duos
911 1554 949 1611 ad
964 1563 1113 1612 monetam
1136 1552 1318 1630 pertinentes
1340 1562 1399 1610 ter-

86 1651 201 1728 tiumque
223 1655 276 1729 qui
299 1654 383 1714 solus
405 1655 502 1715 adhuc
524 1675 563 1714 ex
585 1657 641 1714 hac
663 1655 781 1732 sylloge
803 1655 899 1716 lucem
923 1655 1077 1732 adspexit,
1107 1655 1234 1733 denique
1260 1665 1398 1732 quartum

85 1752 276 1815 Masicensem.

84 1995 221 2055 Mitrovitz
243 2001 283 2056 im
305 1996 414 2058 Gartea
436 2001 485 2058 cles
507 1999 711 2078 Hauptmauas
736 1997 837 2058 Brlcid.

162 2201 540 2219 ..................
560 2177 640 2220 nero
671 2177 737 2242 aug
760 2161 765 2241 Ι
787 2163 826 2218 tr.
850 2161 919 2240 pol.
944 2153 990 2218 uii
1019 2176 1084 2220 cos.
1110 2153 1155 2218 iiii
1176 2159 1181 2236 Ι
1204 2175 1231 2218 o.
1255 2153 1400 2239 ptolum-

160 2262 650 2350 niusliiivira.a.a.f.f.

80 2425 145 2486 Luc.
167 2429 221 2488 llid
245 2431 287 2488 ait
308 2430 422 2490 vidisse
445 2451 476 2490 se
498 2452 525 2490 a.
551 2431 640 2490 1845.
684 2431 732 2488 Ex
747 2431 804 2488 hac
825 2438 856 2489 et
878 2431 1015 2508 sequenti
1030 2431 1150 2508 collegit
1169 2429 1318 2489 officinam
1338 2449 1400 2488 mo·

82 2532 214 2590 notariam
240 2533 308 2591 inde
330 2553 348 2592 a
369 2533 489 2593 Nerone
515 2533 610 2593 fuisse
632 2531 744 2594 Sirmii.

80 2792 221 2853 Mitrovitz
244 2797 284 2852 im
309 2793 416 2854 Gurten
437 2796 486 2854 dea
508 2795 712 2873 Hauptmanaa
734 2792 836 2854 Brlcid.

159 2949 239 3037 imp.
264 2973 332 3015 ner.
358 2949 485 3016 traiano
509 2973 575 3036 aug
599 2961 604 3038 Ι
629 2959 669 3014 tr.
691 2959 761 3036 pot.
785 2949 831 3014 uii
858 2971 923 3013 cos.
948 2948 981 3014 iii
1012 2946 1074 3013 dau
1099 2955 1104 3030 Ι
1129 2949 1230 3035 praef.
1257 2957 1298 3012 et.
1323 2970 1400 3034 pro-

160 3067 256 3124 curat
280 3070 284 3146 Ι
310 3068 477 3146 aequatur.
503 3069 537 3124 et
559 3060 690 3148 signato
716 3061 720 3144 Ι
745 3059 974 3144 maleatoresq.
996 3057 1086 3126 sirmi
1112 3063 1116 3146 Ι
1143 3081 1172 3122 e.
1196 3081 1228 3122 u.
1253 3082 1285 3146 p.

79 3223 144 3284 Luc.
164 3227 222 3285 nit
246 3225 288 3285 ait
309 3226 421 3286 vidisse
443 3244 476 3285 sa
498 3246 525 3286 a.
551 3227 640 3302 1845,
664 3227 819 3306 explicans
840 3247 867 3296 v.
892 3227 910 3285 6
933 3225 1059 3302 ευΙοιο)
1078 3224 1275 3303 Musaeum).

78 3469 221 3548 Mitrovitz
246 3491 284 3546 im
305 3488 382 3563 Hose
402 3489 451 3546 dea
473 3487 676 3566 Huapmtunns
698 3485 802 3548 Brlo'd.

158 3643 269 3710 uiuiee
295 3647 299 3734 Ι
325 3644 530 3730 caeterisque
553 3653 678 3714 manlii
702 3649 707 3726 Ι
731 3649 823 3714 111111

78 3806 143 3869 Luc.
166 3811 225 3871 llit
242 3811 285 3870 ait
303 3812 414 3872 vidisse
437 3830 470 3872 se
492 3812 576 3890 (inde
594 3811 798 3888 Kukuljevich
822 3811 852 3869 in
875 3809 942 3886 eph.
958 3810 1027 3868 Rad
1049 3809 1086 3868 23
1111 3807 1218 3884 [1873]
1241 3827 1270 3884 p.
1289 3807 1371 3884 148).

82 4067 185 4131 Naiice
209 4072 301 4148 (com.
323 4072 566 4149 Virovitiueusis)
589 4075 620 4131 iu
642 4074 736 4132 hortis
759 4071 931 4130 deversorii.

160 4227 180 4290 i.
205 4249 237 4291 o.
263 4249 295 4291 m
320 4233 324 4308 Ι
351 4249 455 4292 seuer.
479 4249 622 4314 procons
648 4237 652 4314 Ι
678 4227 864 4313 pannoniae
887 4226 971 4290 infer
995 4236 999 4310 Ι
1026 4271 1237 4289 .......
1265 4233 1269 4309 Ι
1297 4274 1303 4287 .
1331 4271 1338 4287 .
1365 4273 1372 4286 .
1398 4276 1405 4290 .

160 4333 1099 4422 ...lfaociloetlclaud.....l.leg.u.p.

76 4499 128 4560 llid
149 4503 192 4562 ait
216 4503 415 4581 descripsisse
437 4519 471 4562 se
496 4522 523 4562 a.
548 4503 636 4563 1844.

115 4723 262 4786 Venimus
285 4727 324 4786 ad
345 4727 450 4786 titulos
473 4731 566 4786 musei
589 4727 786 4786 Pestineusis.
831 4725 1013 4784 Prodierunt
1034 4725 1055 4782 ii
1078 4743 1172 4802 nuper
1198 4742 1269 4782 cura
1289 4723 1408 4782 Ernesti

77 4823 255 4900 Desjardins
288 4840 316 4888 et
342 4829 479 4888 Floriani
507 4829 618 4888 Romer
650 4829 766 4888 duabus
799 4827 981 4886 editionibus
1010 4825 1130 4886 Gallica
1162 4836 1192 4884 et
1224 4827 1409 4904 Hungaricu‚

77 4946 200 5002 quarum
233 4931 287 4990 illa
321 4934 364 4990 sic
396 4933 542 5008 inscripta
568 4941 627 4990 est:
661 4941 833 4990 rnoumneats
856 4931 1077 5008 epiprupltiqaes
1099 4931 1138 4987 da
1159 4929 1260 4988 Muse'c
1281 4928 1411 4986 rational

78 5029 210 5106 lonprois
233 5035 359 5092 dessinds
381 5045 407 5092 et
428 5033 573 5110 expliquer
591 5054 651 5110 par
668 5035 706 5092 E.
723 5035 909 5108 Desjurdiac,
929 5032 1042 5108 publiea
1133 5050 1193 5107 pur
1216 5031 1255 5089 les
1277 5033 1355 5090 seina
1377 5031 1411 5088 de

78 5131 149 5190 Deru
164 5135 198 5194 F
198 5135 268 5194 Idris
284 5135 390 5194 Rdmer
404 5136 575 5212 (Budapest
592 5137 681 5196 1873.
697 5137 749 5195 fol.
767 5155 816 5214 pp.
837 5135 905 5207 140,
920 5135 1000 5193 tabb.
1018 5135 1081 5210 55).
1120 5133 1222 5192 Editio
1237 5132 1412 5210 Hungarica

78 5233 248 5314 (Budapest
262 5237 339 5296 1873
351 5238 404 5296 sol.
417 5257 468 5314 pp.
483 5237 553 5312 202,
565 5239 645 5298 labb.
660 5239 713 5316 61)
729 5239 818 5315 longe
833 5237 950 5316 plenior
965 5245 1026 5308 est;
1042 5239 1073 5295 in
1089 5257 1125 5295 ea
1139 5243 1329 5295 accesserunt
1341 5253 1413 5294 eura

77 5334 198 5397 Romeri
227 5339 377 5417 appendix
399 5340 555 5400 titulorum
584 5352 690 5418 postea
722 5349 919 5418 repertorum,
941 5340 1011 5399 item
1034 5339 1156 5399 tabulae
1177 5347 1295 5397 ceratae
1317 5336 1412 5397 musei

1142 5437 1205 5499 24*
