3504 6004
344 599 419 672 254
641 618 948 672 osssnvsurouus
975 619 1253 672 nruensrmonu
1271 621 1364 672 utun.

1519 725 1655 736 ——.

425 797 459 866 5.
496 791 775 868 Rhoemetalces
797 821 924 890 patruus
946 815 1151 892 praecedentis
1164 814 1207 890 1),
1234 815 1314 874 filius
1336 817 1429 894 igitur
1450 815 1524 872 alter
1544 813 1656 876 Sadnlre
1731 773 1732 784 ¹

345 925 375 976 et
395 917 642 990 Polemocretiee,
665 936 733 976 cum
753 917 855 976 fratris
877 917 950 990 filio,
976 917 1061 976 cuius
1085 926 1173 976 antea
1194 917 1318 978 tutelam
1340 937 1408 976 eum
1430 920 1563 996 gessisse
1582 921 1658 980 modo

342 1019 488 1094 cunnus,
520 1039 547 1078 s.
571 1019 629 1078 743
658 1021 864 1092 successisset,
886 1040 914 1078 a.
938 1019 997 1079 use
1021 1045 1058 1070 -.-.-
1085 1040 1115 1097 p.
1138 1017 1209 1079 our.
1234 1019 1252 1078 5
1280 1021 1423 1098 auspiciis
1451 1021 1564 1082 uiuent
1591 1023 1658 1081 555

343 1121 518 1184 Pannonico
533 1122 652 1202 egregie
666 1121 858 1200 pugnavitl).
892 1122 978 1183 Obiit
990 1123 1156 1200 imperante
1171 1125 1310 1201 Augusto
1330 1133 1398 1184 ante
1413 1143 1441 1184 a.
1457 1145 1486 1202 p.
1499 1123 1568 1184 Chr.
1583 1123 1615 1184 12
1625 1126 1659 1200 ³).

429 1327 462 1400 6.
499 1321 615 1426 Cotys
637 1345 868 1406 Rhoemetalces
889 1345 969 1406 iilius
989 1355 1060 1423 post
1080 1349 1175 1424 patris
1198 1355 1325 1406 mortem
1346 1347 1499 1408 meliorem
1521 1357 1550 1408 et
1570 1350 1662 1408 cultio·
1733 1332 1734 1416 l

342 1469 406 1510 rem
434 1449 519 1527 regni
547 1450 611 1508 eius
639 1457 754 1526 partem
784 1450 913 1510 obtinuit
945 1448 1027 1526 (adn.
1058 1435 1109 1526 3)‚'
1138 1449 1277 1509 laudatus
1306 1449 1414 1510 Tacito
1445 1451 1483 1510 ob
1509 1447 1662 1530 ‘ingenium

344 1553 416 1613 mite
437 1563 468 1612 et
489 1549 670 1626 amoenum’,
694 1549 847 1628 Ovidio⁴)
869 1554 907 1611 ob
930 1553 1029 1610 studia
1049 1553 1162 1630 poesis.
1206 1552 1313 1611 Patrui
1334 1553 1569 1632 Rhescuporidis
1590 1565 1664 1632 parte

343 1655 438 1734 regni,
462 1675 549 1732 quam
572 1656 599 1714 ei
622 1657 778 1732 Augustus
801 1655 985 1732 adsignarat,
1009 1671 1069 1714 non
1091 1655 1223 1714 contenti
1243 1655 1361 1714 insidiis
1383 1656 1473 1733 periit
1493 1657 1568 1715 inter
1589 1661 1663 1716 514
1734 1664 1735 1732 1

345 1768 376 1819 et
399 1759 436 1820 19
459 1779 487 1836 p.
505 1755 626 1834 Chul).
672 1755 770 1834 Cotyn
797 1776 921 1816 uxorem
949 1757 1075 1816 duxisse
1103 1755 1197 1815 filiam
1222 1756 1396 1816 Polemonis
1421 1759 1500 1835 regis
1527 1759 1614 1819 Ponti
1640 1771 1664 1819 et
1734 1733 1735 1786 l

344 1861 560 1940 Pythodoridis
582 1861 681 1937 neptis
703 1879 742 1918 ex
763 1859 826 1918 lilin
847 1860 887 1919 M.
906 1860 1032 1919 Antonii
1054 1859 1160 1918 Illviri
1182 1867 1270 1918 antea
1291 1861 1586 1938 compereramus⁸);
1614 1863 1664 1922 iam

345 1983 415 2024 vero
432 1963 552 2022 decreta
573 1964 631 2022 duo
647 1961 863 2040 Cyzicenorum
886 1963 983 2022 eidem
1005 1961 1126 2021 tabulae
1146 1963 1241 2020 incise
1262 1969 1292 2021 et
1313 1963 1436 2021 nomina
1458 1965 1521 2024 eius
1542 1967 1665 2024 mulieris

346 2085 402 2128 nos
418 2067 582 2127 docuerunt
603 2077 633 2125 et
648 2066 708 2124 alie
722 2067 877 2144 complura
892 2067 970 2124 scitu
986 2083 1059 2124 sane
1073 2066 1172 2140 digna.
1208 2062 1328 2124 Scilicet
1349 2065 1561 2142 appellatorio
1576 2069 1666 2146 priore
1735 2091 1736 2140 u

343 2165 481 2230 Ἀντωνία
496 2161 648 2254 Τρύφαινα
667 2159 817 2234 βασιλέως
831 2157 993 2234 Πολέμωνος
1013 2157 1061 2224 καὶ
1076 2157 1255 2238 flas-miscus
1270 2161 1477 2251 llecdur'pcdos
1492 2161 1667 2250 Φιλομήτοξος
1735 2153 1736 2164 ¹

426 2523 450 2586 ι)
476 2523 593 2574 Fratrem
614 2522 744 2572 crederem
764 2527 826 2572 natu
845 2521 970 2570 minorem
992 2520 1106 2586 proximi
1125 2521 1194 2584 regie
1205 2519 1417 2586 Rhescuporidis,
1438 2537 1497 2572 cum
1515 2524 1601 2588 plures
1617 2525 1670 2574 libe-
1736 2499 1737 2540 l

347 2633 392 2669 ros
411 2623 510 2668 constet
529 2615 613 2680 Cotyn
632 2615 774 2680 reliquisse,
800 2613 850 2664 nisi
869 2613 990 2675 obstaret,
1021 2613 1090 2678 qnod
1110 2611 1309 2664 Rhoemetalcen
1329 2615 1451 2664 successit
1468 2615 1549 2666 irater
1567 2615 1669 2668 Rhescu-

346 2712 426 2780 poris,
446 2724 494 2760 nec
513 2707 711 2758 duos'eiusdem
730 2707 843 2756 nominis
863 2705 955 2756 irenes
975 2705 1171 2757 Rhoemetalces
1190 2706 1310 2756 habuisse
1329 2715 1422 2772 potest

427 2853 452 2920 ⁸)
477 2857 572 2908 Vellei.
586 2857 611 2918 2,
627 2857 689 2905 112.
726 2853 780 2905 Dio
800 2855 843 2916 55,
865 2855 909 2904 30.
948 2853 1023 2904 Ouid.
1038 2868 1071 2903 ex
1089 2853 1174 2904 Ponto
1195 2855 1219 2915 2,
1235 2855 1260 2916 9,
1274 2855 1318 2904 45.
1334 2855 1377 2905 59.
1414 2855 1521 2906 Nummi
1541 2859 1595 2908 eius
1613 2861 1670 2925 regis
1737 2883 1738 2910 t

349 2957 440 3002 extant
459 2964 512 3002 non
530 2949 615 3014 pauci,
638 2947 761 2998 hahentes
781 2948 814 2998 ab
833 2961 884 2996 una
903 2953 976 3012 parte
990 2953 1066 3011 ceput
1079 2947 1191 3011 Augusti
1209 2947 1339 3011 adscripto
1352 2949 1466 3011 nomine,
1486 2949 1607 3002 adiuncto
1624 2953 1670 3018 ple-

350 3057 458 3109 rumque
477 3043 560 3108 capite
579 3041 681 3102 Liuiae,
705 3042 737 3090 ab
757 3042 838 3095 altera
857 3047 934 3104 caput
952 3039 1020 3104 regis
1040 3037 1169 3103 adscripto
1188 3039 1250 3088 item
1269 3040 1394 3090 uocabulo
1413 3041 1593 3109 adiunctisque
1611 3047 1670 3111 capi·

349 3137 418 3186 tibus
438 3149 496 3186 cnm
514 3135 604 3184 uxoris
623 3140 678 3183 tum
696 3133 743 3183 lilii
763 3133 884 3194 infantis,
908 3131 997 3197 Cotyis
1018 3131 1136 3182 videlicet
1155 3129 1263 3192 (Eckhel
1284 3134 1309 3194 2,
1330 3133 1385 3194 58).
1423 3135 1456 3184 15
1476 3137 1552 3185 titulo
1571 3138 1670 3202 Amphi·
1738 3171 1739 3206 ,

349 3229 466 3296 politano
486 3227 515 3279 Ο.
532 3227 555 3278 1.
569 3225 614 3278 Gr.
630 3227 701 3276 2009
722 3227 765 3291 qui
784 3225 932 3275 nominetur
951 3209 1105 3292 Φιλότοιμος
1124 3219 1254 3286 βασιλέως
1270 3213 1444 3294 Ῥοιμητοῖλκο
1465 3222 1557 3285 δοῦλος
1575 3239 1599 3279 et
1617 3246 1672 3295 quae

351 3321 454 3372 titulum
473 3319 601 3370 urbanum
620 3317 700 3370 Orell.
722 3319 774 3368 631
795 3318 881 3382 posuit
899 3315 970 3366 Iulia
993 3313 1121 3382 Tyndaris
1144 3313 1170 3366 G.
1184 3315 1239 3366 luti
1255 3317 1326 3384 regie
1343 3315 1549 3372 Rhoemetalcoes
1567 3321 1593 3382 l(
1596 3321 1671 3384 ’5515)

351 3420 397 3465 sut
415 3413 450 3463 ad
467 3413 543 3462 huius
561 3411 687 3461 familiam
706 3411 885 3476 pertinuerunt
902 3417 946 3459 aut
964 3409 998 3458 ad
1017 3409 1143 3459 familiam
1162 3411 1323 3472 cognominis
1336 3411 1424 3460 lratris
1436 3411 1485 3461 lilii
1504 3413 1672 3476 (15155585

351 3521 412 3557 nam
432 3505 476 3570 qui
495 3503 541 3554 snb
553 3505 603 3555 Pio
623 3504 649 3553 in
663 3503 781 3568 Bosporo
800 3503 918 3566 regnarit
930 3501 1125 3552 Rhoemetalces
1134 3517 1179 3551 rex
1194 3503 1236 3552 Ti.
1251 3503 1333 3552 Iulius
1351 3503 1400 3552 tuit
1419 3503 1460 3565 (C.
1475 3505 1496 3556 1.
1509 3506 1555 3557 Gr.
1569 3509 1634 3558 2108
1637 3507 1672 3572 J).

429 3629 454 3695 ⁸)
479 3633 583 3683 Tacitus
603 3647 662 3682 suun.
679 3633 703 3693 2,
720 3631 767 3680 642
788 3645 879 3680 omnem
894 3645 947 3678 eam
962 3629 1085 3678 uodonem
1104 3629 1270 3692 (Thraecum)
1285 3628 1471 3682 Rhoonetalces
1490 3639 1615 3695 tenuerot;
1633 3651 1673 3700 quc

354 3723 469 3790 desitncto
483 3724 613 3792 Augustus
628 3729 728 3792 partem
746 3721 883 3772 Thraecum
902 3719 1092 3788 Rhescuporidi
1101 3721 1187 3786 fratri
1205 3723 1265 3783 cirus,
1282 3730 1382 3790 portem
1395 3723 1455 3790 filio
1474 3722 1549 3792 Cotyi
1562 3727 1674 3794 permisit.

354 3818 420 3869 Cum
437 3818 498 3868 libri
518 3817 624 3868 secundi
643 3817 810 3882 epistularum
830 3830 861 3864 cx
876 3815 961 3864 Ponto
981 3829 1077 3864 nonem
1094 3813 1203 3865 Ouidius
1222 3816 1331 3879 scripsit,
1351 3815 1550 3868 Rhoemetalces
1570 3831 1673 3868 mortuus

352 3910 415 3973 tuin
435 3911 537 3975 scripsit
555 3917 641 3960 autem
660 3925 717 3959 eam
737 3924 760 3957 5.
780 3909 834 3957 iere
849 3909 900 3958 765
922 3907 1026 3956 biennio
1046 3915 1104 3956 ante
1124 3907 1222 3956 obitum
1237 3909 1356 3972 Augusti.

430 4035 455 4099 ⁴)
479 4039 521 4088 Ex
539 4037 625 4087 Ponto
646 4039 670 4099 2,
691 4038 721 4086 9:
750 4033 824 4101 Cotyi
841 4036 905 4100 regi.
943 4035 983 4084 Ibi
1002 4035 1039 4083 ait
1058 4051 1081 4083 v.
1096 4035 1143 4084 49:
1169 4049 1212 4084 nec
1233 4051 1320 4100 regum
1338 4037 1469 4103 quisquam
1487 4041 1673 4105 5591555115-

353 4135 463 4180 cneus
486 4127 518 4178 55
541 4127 597 4178 illis
619 4127 736 4190 (artibus)
759 4126 859 4178 mitibus
883 4133 928 4176 aut
951 4125 1042 4176 studiis
1066 4133 1177 4193 temporo
1201 4126 1283 4193 pluro
1306 4127 1390 4178 dedit:
1415 4133 1530 4180 carmina
1555 4139 1673 4190 testantur,

355 4238 426 4290 puae,
452 4223 476 4272 ei
494 4227 537 4270 tua
555 4221 655 4270 nomina
673 4219 766 4282 demas,
792 4217 815 4268 Τ
814 4217 932 4269 treicium
950 4219 1060 4268 decertem
1078 4219 1244 4284 composuisse
1263 4235 1354 4285 nepem.
1393 4223 1527 4287 Antipatri
1548 4225 1675 4276 Thessalo-

354 4314 466 4364 nicensis
485 4313 599 4378 sequalis
617 4313 698 4378 ipsius
718 4311 744 4363 in
764 4328 822 4362 eum
842 4313 1001 4377 epigramma
1019 4312 1111 4376 legitur
1124 4308 1150 4360 15
1167 4311 1317 4376 anthologia
1329 4313 1463 4366 Planudes
1483 4319 1509 4379 4,
1525 4319 1560 4368 75
1581 4317 1615 4380 (2,
1630 4317 1674 4366 tlt

356 4403 460 4468 Iacobs)
480 4405 541 4456 hoc:

665 4494 726 4560 Znul
745 4489 787 4546 καὶ
804 4485 950 4545 ’Aedituus
969 4493 1009 4544 uni
1027 4485 1112 4564 Ἄρει,
1133 4491 1215 4544 τέκνον
1235 4481 1352 4560 sudetur,

763 4585 859 4638 εἴκελον
880 4583 980 4660 screnis]
1001 4584 1106 4656 pusipoc
1125 4581 1221 4659 εὖτοκίῃ

662 4670 742 4732 edura
760 4698 800 4730 τοι
820 4677 845 4730 ἔκ
864 4679 977 4747 Μοιρέων
997 4669 1133 4744 βασιλήια,
1153 4670 1232 4730 πάντα
1250 4677 1338 4730 τέλεια

765 4763 861 4838 ἦλθον·
876 4762 996 4836 &scrihere
1016 4767 1042 4820 δ’
1055 4769 1125 4840 ἔργον
1144 4760 1311 4823 ἀοιδοπᾶλων.

666 4855 729 4924 Zudr
748 4863 870 4931 σκῆπτρον
889 4858 1034 4929 βασίλειον,
1051 4855 1134 4932 ’Ἄρης
1155 4856 1222 4934 dc'pu,
1243 4856 1401 4930 κολλοοῦνην
1421 4863 1448 4916 d's

767 4958 865 5022 Φοῖβος
883 4953 955 5030 ἔχοι·
975 4946 1042 5026 nupsi
1061 4951 1105 5007 οοὶ
1125 4951 1152 5006 δ’
1165 4947 1251 5028 519ρᾶ5
1268 4947 1356 5022 πάντα,
1376 4949 1452 5010 ltin.

436 5095 460 5160 ³)
484 5097 598 5148 Narrant
620 5112 675 5148 rem
700 5097 806 5148 Tacitus
826 5099 855 5158 2,
878 5097 996 5148 64-67
1023 5104 1049 5146 ct
1066 5097 1182 5147 Velleius
1202 5099 1233 5158 2,
1256 5097 1323 5158 129;
1348 5097 1381 5148 cl.
1400 5097 1507 5151 Sueten.
1528 5099 1672 5150 ’1153751

360 5189 444 5244 Strab.
465 5190 482 5238 l.
503 5205 525 5238 c.

437 5315 461 5382 ο)
487 5317 572 5370 Strsb.
588 5319 631 5382 12,
647 5320 671 5382 3,
686 5320 719 5370 29
740 5335 766 5384 p.
782 5319 843 5370 556.
