3520 6006
550 645 625 694 nux
644 643 726 694 con.
747 645 978 694 uuuurrrvnu.
1359 627 1428 696 129

106 837 185 889 nare,
212 837 286 878 cura
311 818 460 888 sanorum,
487 819 603 878 scilicet
624 819 837 878 sacrificiorum
866 819 1066 896 pulvinarium
1087 820 1223 880 ludorum
1246 821 1430 893 circensium,

104 923 215 982 Romae
244 923 282 980 ad
308 939 395 998 quem
422 921 542 999 proprie
569 921 718 1000 spectarit.
762 921 992 998 Magistratuum
1014 941 1050 980 ea
1071 941 1132 981 non
1153 907 1223 996 luit3
1252 943 1321 983 nam
1344 942 1432 983 sacra

104 1026 202 1083 iinon
224 1024 339 1082 faciunt
361 1023 419 1082 nisi
440 1034 529 1100 prout
551 1043 599 1082 res
621 1024 726 1084 incidit
747 1033 856 1082 certam
879 1025 918 1084 ob
941 1043 1075 1097 causam,
1098 1035 1127 1084 et
1148 1046 1185 1085 ne
1206 1025 1293 1086 ludos
1311 1026 1431 1102 quidem

104 1128 191 1186 edunt
216 1127 278 1186 nisi
299 1127 416 1185 votivos
445 1134 475 1185 et
500 1145 519 1184 a
545 1145 617 1185 cura
641 1126 778 1186 fanorum
805 1127 926 1186 omniuo
949 1128 1078 1200 alien0s;
1106 1137 1211 1188 contra
1232 1129 1431 1204 antiquissimi

103 1229 209 1306 quique
236 1229 300 1288 ludi
329 1237 359 1287 et
384 1248 423 1288 ex
448 1230 518 1308 ipsa
543 1249 576 1288 re
603 1247 690 1287 sacra
716 1229 848 1300 edundi,
878 1237 910 1289 ut
936 1228 1102 1290 Consualia
1127 1239 1157 1289 et
1182 1231 1338 1308 Equirria,
1371 1251 1430 1290 non

103 1333 174 1390 fiunt
200 1350 221 1390 a
247 1333 426 1409 magistratu
447 1332 519 1390 ullo.
563 1331 696 1391 Omnino
723 1332 831 1409 siqua
858 1349 944 1392 sacra
970 1341 1049 1392 stata
1070 1352 1170 1393 annua
1190 1335 1290 1411 paullo
1312 1334 1431 1412 plenius

103 1435 221 1514 cognita
247 1435 408 1506 habemus,
434 1433 593 1510 collegium
622 1435 745 1510 aliquod
770 1435 920 1494 invenitur
945 1455 1048 1494 eorum
1075 1455 1176 1496 curam
1202 1455 1319 1514 gerere,
1347 1457 1432 1498 sacra

102 1538 195 1596 iacere
217 1537 368 1614 ludosque
390 1537 488 1596 edere.
524 1537 573 1595 Ita
595 1533 759 1595 Consualia
780 1537 834 1596 illa
855 1537 945 1596 edunt
965 1537 1172 1616 pontifices¹);
1194 1539 1237 1598 ita
1259 1540 1331 1599 deae
1354 1539 1431 1600 Diae

102 1640 313 1699 sacrificiorum
342 1638 539 1715 ludorumque
566 1657 666 1698 curam
693 1641 755 1716 agit
769 1641 937 1716 ¹collegium
962 1640 1087 1700 fratrum
1110 1641 1266 1702 Arvalium
1292 1644 1431 1719 praeside

103 1743 258 1820 magistro;
292 1743 336 1800 ita
367 1761 433 1800 cum
466 1741 554 1800 aedes
582 1742 720 1802 Mercurii
749 1743 829 1801 lacta
857 1749 917 1816 est,
949 1753 1071 1820 propter
1099 1762 1177 1802 nova
1205 1762 1292 1803 sacra
1319 1764 1431 1804 merca-

102 1855 234 1906 catorum
263 1845 328 1904 sive
357 1845 577 1904 Mercurialium
605 1845 764 1924 collegium
793 1847 848 1904 sub
876 1846 1028 1922 magistris
1057 1847 1224 1906 institutum
1254 1846 1355 1924 est²);
1389 1849 1433 1907 ita

101 1947 156 2004 ludi
184 1945 353 2024 Capitolini
380 1947 456 2006 fiunt
484 1947 611 2024 collegio
638 1949 677 2007 ad
703 1949 803 2024 ipsum
829 1949 992 2007 constituto
1018 1967 1056 2008 ex
1083 1949 1194 2008 vicinia
1219 1951 1431 2028 magistrorum

103 2048 392 2126 Capitolinorum3).
429 2048 514 2120 Haec
536 2049 662 2128 collegia
684 2060 753 2110 sunt
774 2050 832 2128 ipsi
854 2050 899 2108 illi
922 2051 1058 2129 magistri
1077 2051 1214 2111 sanorum
1230 2052 1307 2130 legis
1322 2054 1430 2127 Iuliae3

100 2171 164 2210 uam
186 2154 280 2211 etiam
303 2153 332 2211 iu
353 2151 442 2210 titulo
457 2149 611 2230 Campano
633 2173 660 2211 a.
676 2173 705 2211 u.
720 2172 745 2212 c.
762 2151 822 2212 660
845 2153 947 2228 (roll
968 2173 996 2211 n.
1014 2153 1090 2230 571)
1112 2161 1159 2212 est
1180 2157 1337 2232 conlegium
1358 2161 1432 2216 seius

100 2259 245 2332 magistrat
266 2255 346 2313 locres¹
367 2258 520 2331 cornpcqei.
564 2255 677 2314 Verum
703 2262 750 2313 est
772 2255 899 2316 similem
921 2256 1138 2316 ordinationem
1159 2275 1264 2334 parum
1287 2277 1432 2336 apparere

99 2358 127 2416 in
151 2359 211 2416 diis
239 2357 414 2433 deabusque
440 2359 480 2415 iis
508 2357 558 2433 qui
585 2357 721 2416 coluntur
747 2377 801 2436 per
827 2359 977 2431 flamines3
1007 2359 1061 2418 sed
1083 2360 1249 2420 accuratius
1269 2361 1431 2438 inquirenti

100 2461 143 2518 hic
164 2477 290 2537 quoque
312 2477 379 2518 sese
400 2458 496 2518 offert.
535 2457 656 2520 Scilicet
677 2469 710 2518 ut
731 2460 804 2518 deae
820 2459 898 2520 Diae
920 2480 1006 2522 sacra
1026 2481 1080 2538 per
1099 2463 1257 2540 collegium
1274 2464 1430 2523 Arvalium

100 2564 138 2621 ita
162 2563 256 2634 fiunt,
285 2571 317 2621 ut
341 2563 502 2638 quotannis
530 2563 673 2639 magister
699 2572 728 2620 et
749 2564 858 2622 flamen
880 2583 919 2623 ex
942 2584 977 2623 eo
1000 2564 1124 2642 collegio
1147 2575 1297 2640 creentur,
1325 2567 1368 2626 ita
1389 2567 1431 2626 dii

100 2666 228 2724 maiores
254 2671 333 2736 tres,
359 2665 492 2723 minores
514 2665 669 2724 duodecim
691 2684 744 2741 per
765 2666 920 2744 pontifices
942 2667 1134 2743 flaminesque
1156 2669 1199 2726 ita
1220 2669 1372 2741 coluntur,
1399 2677 1431 2728 ut

101 2768 233 2846 magistri
255 2767 356 2824 locum
379 2777 523 2844 perpetuo
546 2777 645 2827 teneat
666 2769 801 2843 pontifex
824 2770 974 2828 maximus
996 2745 1095 2844 (eiius
1111 2771 1191 2829 vices
1207 2771 1257 2848 qui
1275 2771 1346 2830 facit
1362 2791 1429 2850 cum

102 2888 153 2945 pro
175 2869 323 2945 magistro
345 2870 526 2945 appelletur,
552 2871 618 2948 ipse
639 2871 782 2948 magister
803 2872 843 2930 sit
864 2889 987 2930 necesse
1009 2871 1085 2948 est),
1108 2873 1235 2954 singulis
1257 2881 1355 2932 autem
1378 2874 1430 2933 fla-

102 2973 193 3030 mines
214 2972 352 3049 perpetui
376 2973 510 3031 attributi
533 2973 603 3044 sint,
624 2991 751 3048 quorum
774 2973 901 3032 maiores
924 2981 1036 3032 certum
1052 2984 1099 3033 est
1113 2975 1240 3052 collegio
1255 2975 1428 3052 pontificum

101 3074 325 3152 comprehendi,
354 3074 485 3134 minores
507 3075 671 3150 probabile.
716 3074 777 3136 Sed
798 3076 872 3134 haec
893 3088 1028 3136 accurate
1050 3087 1080 3135 et
1100 3077 1189 3153 plene
1210 3097 1349 3136 enarrare
1369 3097 1429 3138 non

102 3176 186 3234 huius
208 3176 267 3234 loci
290 3185 351 3246 est;
374 3175 485 3234 sufficit
506 3178 610 3252 primis
632 3177 719 3236 lineis
741 3197 804 3236 rem
827 3179 1062 3238 adumbrarisse.
1104 3177 1224 3239 Scilicet
1244 3180 1360 3258 origine
1380 3199 1429 3240 res

103 3295 184 3336 sacra
211 3279 255 3336 ita
282 3277 421 3336 ordinata
448 3278 566 3338 videtur
594 3297 675 3351 csse,
704 3287 737 3338 ut
762 3281 813 3356 qni
838 3281 928 3340 rebus
955 3290 1131 3359 praeessent
1156 3299 1241 3358 reges
1267 3291 1298 3341 et
1323 3283 1429 3342 deinde

103 3380 239 3439 consules
268 3379 397 3456 singulis
424 3381 543 3458 templis
570 3383 730 3457 quotannis
757 3391 869 3442 certum
896 3383 1048 3442 hominum
1075 3403 1230 3442 numerum
1257 3405 1295 3444 ex
1322 3385 1431 3445 vicinia

102 3481 160 3540 lere
186 3483 370 3542 delectorum
399 3483 611 3554 attribuerent,
639 3485 690 3560 qui
719 3485 866 3544 sacrificia
892 3485 1040 3562 ludosque
1068 3495 1271 3563 procurarent.
1315 3487 1430 3546 Mature

104 3593 198 3643 autem
225 3584 355 3662 collegia
380 3585 454 3644 haec
479 3585 523 3644 ita
543 3586 732 3662 potissimum
755 3587 918 3646 constituta
939 3597 1022 3661 sunt,
1049 3597 1082 3647 ut
1101 3590 1133 3647 in
1154 3590 1249 3648 vicem
1271 3591 1429 3649 creationis

103 3704 153 3761 per
174 3688 369 3764 magistratus
391 3689 551 3764 quotannis
573 3687 670 3748 iactae
692 3690 843 3766 cooptatio
866 3691 1047 3763 succederet,
1075 3693 1138 3750 eive
1159 3692 1202 3749 ita
1223 3701 1256 3750 ut
1276 3691 1375 3750 officio
1396 3710 1429 3750 eo

104 3788 194 3848 iuncti
214 3790 434 3867 fungentesque
455 3791 616 3866 quotannis
639 3791 812 3868 adlegerent
835 3793 887 3868 qui
910 3812 988 3852 auno
1009 3795 1149 3869 proximo
1170 3795 1201 3852 in
1224 3812 1312 3853 suum
1332 3794 1430 3853 locum

106 3891 245 3964 subirent,
267 3901 301 3950 ut
322 3893 435 3952 factum
457 3901 503 3952 est
524 3893 654 3953 fortasse
675 3895 706 3951 in
727 3895 954 3954 Mercurialibus
976 3903 1006 3952 et
1026 3894 1222 3973 Capitolinis,
1249 3897 1313 3954 sive
1335 3898 1376 3955 ita
1399 3905 1431 3954 ut

106 3994 271 4053 sacerdotes
292 3997 428 4074 perpetui
449 3995 554 4055 fierent
575 4015 611 4055 ea
631 3997 756 4070 ratione,
779 4015 854 4073 quae
876 4007 983 4075 postea
1001 3999 1130 4057 obtinuit
1147 3999 1178 4057 in
1197 3999 1386 4077 pontificibus
1400 4006 1431 4058 et

110 4207 308 4218 ——.-

181 4362 205 4425 ¹)
232 4365 317 4414 Varro
338 4363 364 4425 6,
379 4365 414 4412 20
437 4364 513 4414 ludos
532 4363 704 4414 Consualibus
724 4365 760 4414 ait
778 4365 835 4414 lieri
854 4380 870 4414 a
889 4335 1075 4426 salardotibus,
1102 4381 1152 4430 qno
1173 4367 1277 4416 nominc
1296 4367 1430 4432 pontifices

109 4455 240 4520 significari
264 4463 290 4506 et
309 4471 342 4505 ex
361 4456 418 4520 ipso
437 4455 555 4505 vocabuli
573 4473 621 4507 usu
640 4459 754 4522 sequitur
772 4463 797 4506 et
816 4457 909 4507 collato
928 4458 987 4508 loco
1007 4457 1161 4509 Tertulliani
1180 4459 1212 4508 de
1231 4465 1309 4524 spect.
1325 4460 1349 4510 5.
1389 4459 1430 4509 cf.

111 4548 256 4614 uarqmu
274 4547 372 4598 enchir.
387 4549 412 4610 4,
428 4549 478 4597 ars
500 4563 525 4598 n.
542 4549 620 4600 1747.
839 4539 844 4552 “

179 4663 204 4728 ²)
230 4668 287 4717 Liv.
302 4668 327 4728 2,
343 4666 392 4715 38:
412 4666 464 4714 utri
482 4681 564 4717 eorum
583 4667 737 4730 (consulum)
757 4665 882 4719 dedicatio
902 4670 972 4719 iteasu
986 4668 1077 4736 populi
1088 4667 1151 4720 doto
1163 4676 1233 4732 earet,
1253 4685 1307 4719 eum
1320 4691 1356 4720 ..ι
1368 4685 1429 4719 orer-

111 4763 216 4807 culorum
233 4757 365 4825 collegium
383 4759 518 4809 iastitucre.
546 4761 578 4810 In
598 4761 671 4810 titulo
684 4761 801 4811 Heuzeni
820 4777 845 4811 n.
861 4762 932 4812 6010
951 4763 1077 4827 reperitur
1095 4779 1160 4829 rung.
1177 4762 1265 4829 collaq.
1280 4759 1429 4813 Mercuriul.

111 4847 148 4898 ct
166 4851 243 4901 vol.1
261 4867 287 4915 p.
301 4851 364 4900 206.

182 4965 206 5028 ²)
232 4969 288 5018 Liv.
310 4968 338 5030 5,
354 4969 403 5018 20:
430 4967 485 5018 ludi
506 4966 645 5036 Capitolini
659 4969 750 5037 fierent
770 4970 890 5036 (propter
910 4971 1066 5037 Capitolium
1085 4987 1101 5022 a
1119 4973 1205 5025 Gallia
1224 4973 1368 5036 defensum)

112 5057 281 5126 collegiumque
305 5059 341 5109 od
364 5075 418 5110 euru
443 5077 494 5120 rem
512 5058 549 5112 M.
568 5059 665 5113 Furius
689 5062 798 5113 dictato-r
821 5064 978 5114 coauibrerel
1002 5081 1032 5114 ea
1050 5067 1084 5115 r'r'r
1103 5067 1147 5132 qul
1164 5067 1190 5116 iu
1213 5063 1338 5134 Capitolio
1358 5074 1431 5132 utque

112 5149 136 5198 ia
157 5167 213 5201 arce
236 5149 386 5204 habitarent.
425 5155 455 5204 In
475 5155 556 5204 titulis
574 5156 690 5205 Henzeni
710 5173 735 5206 n.
751 5158 822 5206 6010
843 5164 868 5206 et
887 5157 965 5207 vol.I
984 5173 1010 5206 n.
1026 5159 1077 5208 805
1098 5165 1136 5208 est
1158 5174 1224 5225 may.
1243 5159 1332 5224 colloq.
1355 5157 1430 5226 Capi-

114 5239 206 5293 toliuor.
225 5245 278 5294 eive
295 5261 361 5312 may.
385 5243 526 5312 caputet}
557 5247 597 5298 ct.
617 5249 805 5314 vol.1p.aoc
826 5263 941 5314 quaeque
960 5249 992 5299 da
1012 5251 1126 5316 collegiis
1146 5241 1277 5302 sacrorum
1297 5265 1373 5304 carues
1391 5251 1430 5304 in·

115 5333 201 5385 rutulis
219 5336 353 5404 diligenter
372 5340 491 5404 exposuit
508 5339 702 5405 ldarqnsrdtius
721 5343 747 5391 in
768 5341 864 5392 enchir.
879 5343 905 5405 4,
922 5343 1017 5409 14'lsq.
