3548 6012
811 623 814 636 ·
925 598 1077 660 ubsrum

578 783 734 842 Taurania
749 789 834 840 vetus
851 780 1036 860 Campaniae
1058 782 1200 859 oppidum
1222 779 1304 857 quod
1326 781 1478 840 intercidit
1499 781 1635 856 (Plinius
1653 783 1669 838 3
1748 808 1749 864 ᾖ

579 885 682 962 ξ70),
709 895 742 944 ut
763 883 914 944 Taurasia
935 885 965 942 in
987 881 1111 944 Samnio
1133 883 1231 942 deleta
1252 903 1270 940 a
1293 881 1434 959 Scipione
1456 883 1599 942 Barbato.
1645 885 1671 942 E
1748 953 1749 956 Ἴ

579 987 690 1062 radice,
713 1006 790 1064 quae
813 996 859 1046 est
879 989 910 1046 in
934 996 1035 1045 taurus
1057 986 1215 1058 vocabulo,
1237 985 1317 1060 quod
1337 1003 1392 1062 pro
1410 987 1587 1064 cognomine
1604 986 1673 1047 Sta-

579 1091 637 1149 tilii
662 1091 830 1149 habuerunt
857 1089 981 1165 aliique,
1014 1089 1137 1148 nomina
1163 1087 1295 1165 gentium
1323 1107 1380 1146 non
1413 1087 1507 1147 multa
1534 1089 1674 1148 derivata
1749 1117 1750 1144 t

581 1199 652 1252 suut
671 1193 795 1251 Tausius
814 1192 916 1250 Torius
938 1190 972 1266 (a
988 1209 1048 1266 quo
1063 1191 1191 1250 fortasse
1206 1190 1356 1250 diversum
1377 1191 1517 1267 Thorius)
1532 1191 1674 1250 Torasius

582 1295 743 1366 Torutuaa
766 1295 805 1352 ab
825 1294 874 1353 his
896 1293 1017 1352 diversa
1031 1291 1169 1352 ridentur
1190 1293 1285 1352 fuisse
1301 1292 1403 1352 Turius
1420 1293 1539 1352 Tbrtius
1556 1293 1674 1352 Tassias
1750 1352 1751 1376 ,

585 1398 702 1458 Tausius
724 1416 792 1456 cum
815 1396 889 1456 suis.

336 1503 522 1564 Taunuuws
582 1497 621 1560 L.
639 1483 796 1560 Trebanius
818 1499 849 1558 in
870 1499 1001 1556 nammis
1023 1499 1145 1558 saeculo
1168 1498 1296 1576 septimo
1319 1499 1402 1559 cusis
1425 1497 1459 1559 O.
1476 1499 1501 1556 ῐ.
1517 1498 1553 1557 L.
1568 1499 1585 1557 I
1603 1499 1674 1558 368.

587 1603 726 1662 Trebonio
746 1603 862 1662 Romae
884 1601 991 1660 Murat.
1011 1601 1100 1674 1788,
1117 1599 1166 1660 39.

583 1707 654 1764 Alia
674 1704 815 1782 exempla
835 1723 895 1764 non
916 1703 947 1762 in
970 1711 1110 1780 promptu
1131 1713 1208 1763 sunt.
1591 1731 1601 1746 ι

625 1806 728 1870 Treba
741 1805 823 1865 Latii
845 1805 989 1883 oppidum
1010 1814 1114 1864 notum
1137 1827 1175 1866 ex
1190 1805 1292 1866 Plinio
1309 1809 1327 1866 3
1350 1806 1367 1884 ξ
1384 1806 1423 1866 65
1439 1815 1468 1865 et
1485 1807 1555 1878 109,
1576 1807 1677 1866 Fron-

584 1913 647 1970 tino
671 1909 707 1968 do
729 1909 815 1984 aquis
832 1906 860 1980 9,
876 1909 927 1981 93,
949 1907 1169 1982 Ptolemaeos,
1189 1911 1215 1982 1,
1232 1908 1285 1981 69;
1309 1910 1379 1968 item
1402 1929 1441 1968 ex
1464 1910 1552 1968 titulo
1571 1911 1678 1985 Anag-

586 2015 658 2072 nino
680 2011 774 2072 Orell.
791 2011 882 2068 4101.
926 2009 1001 2069 Inde
1026 2011 1115 2069 etiam
1140 2011 1258 2070 Trebius
1284 2012 1438 2072 tincturis
1464 2013 1622 2072 Tiebortius
1650 2022 1680 2069 et

587 2115 700 2175 similia
720 2113 856 2172 derivata
877 2131 944 2172 esse
966 2121 1103 2189 possunt.

341 2207 538 2279 Taurianum·
591 2219 641 2279 Cn.
665 2213 890 2276 *Trebellianius
911 2216 1078 2275 Aeserniae
1100 2217 1124 2274 1.
1140 2214 1179 2276 N.
1197 2216 1287 2274 5100.

382 2319 454 2362 NIVS
587 2320 626 2378 A.
650 2316 883 2397 Tbebellian[ius]
905 2318 1014 2396 Arpini
1035 2318 1060 2376 Ι.
1076 2316 1116 2378 N.
1133 2316 1225 2377 7953.

342 2425 526 2484 Tvnnsruvs
588 2425 628 2482 D.
652 2419 814 2481 Turranius
838 2421 930 2496 Nipsr
955 2419 1102 2479 Varronis
1129 2421 1242 2480 amicus
1269 2442 1308 2480 ex
1337 2421 1414 2480 libro
1441 2421 1478 2480 de
1505 2443 1536 2481 re
1565 2422 1681 2481 rustica
1754 2445 1755 2454 ¹

670 2524 766 2584 altero
789 2523 833 2599 (l,
850 2522 883 2599 6)
906 2534 1003 2581 notus.

587 2627 683 2688 Multa
710 2635 867 2702 praetcrea
892 2634 998 2684 extant
1023 2625 1088 2684 eius
1115 2625 1212 2704 gentis
1240 2626 1392 2697 bomines;
1425 2645 1534 2688 nomen
1565 2630 1679 2688 dudum

588 2733 780 2790 observatum
803 2736 850 2788 est
870 2727 913 2786 ita
934 2728 1024 2786 etiam
1046 2728 1077 2786 in
1099 2727 1186 2786 libris
1208 2729 1328 2804 scriptis
1351 2729 1472 2805 optimis
1494 2731 1598 2803 scribi,
1622 2751 1680 2790 non
1755 2719 1756 2724 ¹

590 2834 769 2903 Turannius3
785 2841 924 2906 utsupra
937 2831 1048 2889 monui.
1077 2830 1222 2889 Tiaranius
1238 2831 1361 2902 formae,
1376 2849 1452 2906 quae
1469 2841 1569 2908 potest
1582 2835 1681 2894 fuisse

591 2935 752 3010 antiquior,
773 2933 883 3010 exigua
905 2941 1043 3009 superest
1064 2933 1208 2992 memoria
1229 2934 1260 2991 in
1286 2933 1455 2992 Turaniana
1476 2934 1544 2994 loco
1565 2935 1680 3014 Hispa·
1756 2991 1757 3016 1

590 3039 658 3096 niae
681 3036 763 3112 (itin.
792 3054 821 3111 p.
837 3035 913 3107 404,
935 3034 972 3110 8)
1000 3044 1030 3092 et
1056 3035 1088 3094 in
1114 3035 1303 3113 patellarum
1319 3037 1497 3113 quibusdam
1524 3038 1625 3098 titulis
1652 3039 1681 3096 in

590 3139 743 3218 Hispania
760 3146 945 3216 repertarum
968 3136 1018 3214 (G.
1035 3137 1059 3196 I.
1076 3136 1112 3195 L.
1129 3137 1162 3195 11
1178 3137 1271 3209 4970,
1286 3154 1326 3196 aas
1346 3138 1504 3214 497511).
1542 3137 1606 3200 Sed
1626 3142 1683 3200 hoc

592 3261 652 3302 nou
674 3241 844 3302 necessario
866 3241 1103 3320 componendum
1126 3259 1192 3300 cum
1215 3241 1391 3314 Turraniis,
1419 3241 1471 3318 qui
1493 3251 1545 3302 aut
1566 3261 1584 3300 a
1609 3243 1682 3302 turri

592 3355 644 3405 aut
665 3363 683 3404 a
697 3344 835 3404 Tursicis
851 3343 961 3402 Tuscis
976 3344 1116 3402 videntur
1130 3343 1285 3403 derivandi
1300 3361 1378 3402 esse.
1411 3343 1565 3404 Habemus
1582 3353 1682 3404 autem

593 3450 682 3507 etiam
706 3447 823 3506 Tursios
847 3445 948 3505 Turius
969 3445 1113 3505 Turullius
1136 3445 1265 3504 Turelios
1291 3445 1444 3518 ruritius,
1477 3445 1583 3507 deinde
1612 3449 1683 3508 Tur·

594 3555 667 3610 scios
693 3551 851 3609 Tbrsiaios.
1462 3623 1465 3628 Ι

352 3658 526 3728 Tvsnurvs,
601 3655 633 3714 T.
656 3654 780 3712 Taranis
803 3651 873 3728 (pro
897 3651 1054 3727 Tusanius)
1080 3651 1109 3708 in
1133 3651 1194 3710 olla
1214 3651 1319 3710 vineae
1343 3648 1374 3712 S.
1398 3647 1533 3712 Caesarii
1556 3649 1590 3711 0.
1608 3652 1633 3712 1.
1650 3652 1683 3710 L.

370 3741 549 3800 Tvssnruvs
680 3755 781 3814 1971,

595 3860 747 3919 Postumus
770 3857 928 3916 Tratorius
953 3857 1002 3916 cn.
1023 3859 1052 3932 s.
1076 3855 1227 3932 Ani(ensi)
1254 3855 1395 3914 Proculus
1422 3855 1596 3916 Florentiae
1625 3857 1684 3915 Fa-

679 3961 767 4019 bretti
783 3959 833 4032 30,
851 3957 908 4016 137
926 3985 963 4008 =
981 3959 1053 4030 653,
1069 3960 1129 4018 454
1146 3983 1183 4010 =
1201 3958 1276 4018 Gori
1295 3959 1320 4028 1,
1338 3957 1408 4030 933,
1425 3957 1473 4018 93.

600 4066 631 4124 T.
655 4065 812 4123 Tuscanicis
835 4103 947 4122 ......
961 4071 1035 4120 tutus
1058 4061 1206 4138 desr(ts)
1228 4059 1339 4136 n[atus]
1441 4063 1528 4121 miles
1553 4063 1684 4120 cohortis

680 4167 811 4224 urbanae
833 4163 948 4222 1101111111
970 4162 1106 4224 Fabretti
1123 4163 1182 4222 130
1197 4180 1250 4222 xv.

596 4269 717 4332 Nomen
744 4267 869 4345 originis
891 4265 1038 4326 Etruscae
1065 4273 1116 4325 aut
1137 4264 1283 4338 Umbrae,
1313 4274 1345 4324 ut
1373 4266 1482 4326 docent
1505 4267 1579 4341 loci,
1607 4267 1684 4325 unde

597 4372 735 4432 homines
763 4369 794 4427 hi
814 4369 1008 4445 proveniuut;
1036 4369 1105 4426 talis
1131 4365 1216 4446 origo
1238 4369 1268 4426 in
1291 4369 1410 4427 bomine
1432 4369 1549 4446 plebeio
1570 4369 1684 4428 Romae

598 4475 716 4552 sepulto
738 4491 797 4532 non
819 4471 904 4529 mira.
949 4470 1065 4530 Tossius
1088 4470 1204 4547 origine
1225 4471 1355 4529 sortasse
1376 4471 1530 4544 diversae,
1553 4472 1683 4531 eiusdem

600 4579 733 4638 Tumidius
756 4575 915 4635 Tassidius.

353 4687 576 4746 Tvscvnaruvs
603 4681 644 4740 M.
668 4679 859 4738 Tineaianius
881 4675 1054 4735 Amiantius
1076 4675 1201 4734 Tusculi
1227 4673 1322 4734 Orell.
1339 4674 1416 4734 9441
1443 4676 1535 4752 (idem
1558 4675 1682 4734 fortasse

634 4821 637 4826 -
682 4783 772 4840 homo
797 4781 874 4839 Iahn
896 4797 975 4856 spec.
998 4778 1091 4855 epigr.
1117 4797 1147 4855 p.
1169 4779 1254 4850 49,1
1285 4777 1321 4836 cf.
1349 4799 1378 4855 p.
1398 4779 1471 4852 101;
1501 4804 1538 4828 =
1561 4777 1682 4837 Henzcn

683 4883 788 4960 coss).
925 4869 928 4874 '

355 4993 551 5054 Tvrrcsuuvs
604 4988 680 5048 Vide
701 5005 778 5064 quae
801 5003 893 5062 supra
915 4983 953 5042 ad
976 4983 1130 5042 Tauranus
1153 4983 1302 5041 adnotavi.

356 5097 508 5156 Veruurvs
610 5093 747 5152 Veianius
768 5089 918 5167 gladiator
939 5085 1124 5144 Horatianus
1147 5085 1234 5162 epist.
1253 5087 1279 5157 1,
1298 5085 1324 5157 1,
1340 5085 1369 5143 4.

610 5195 744 5254 Veianius
765 5190 858 5268 Niper
876 5189 1015 5248 tribunus
1038 5187 1116 5265 apud
1138 5188 1279 5254 Tacitum
1301 5207 1370 5246 aun.
1389 5187 1437 5260 15,
1453 5187 1502 5246 67.

606 5295 638 5358 0.
661 5297 795 5358 Veianius
817 5293 924 5354 Floras
945 5301 975 5354 et
