3504 6004
508 2003 1020 2120 usssuuvlulouus
1059 2003 1538 2119 EPIGRAPIHCAE.

405 2469 511 2530 XVII.
554 2470 692 2534 REGES
720 2469 941 2532 THRACIAE
968 2471 1074 2532 INDE
1099 2473 1128 2530 A
1151 2467 1346 2532 CAESARE
1372 2467 1628 2530 DICTATORE.

354 2649 512 2814 Regum
537 2735 685 2795 Thraciae
711 2736 762 2814 qui
788 2735 909 2795 fuerunt
934 2743 1030 2796 aetate
1056 2735 1196 2796 Romana
1222 2735 1357 2794 ordinem
1384 2753 1452 2793 cum
1479 2734 1599 2793 decreta
1622 2731 1670 2788 duo
1739 2713 1740 2786 s

352 2833 570 2914 Cyzicenorum
596 2839 628 2898 in
654 2839 798 2898 honorem
820 2839 970 2898 Antoniae
992 2838 1193 2917 Tryphaenae
1215 2837 1390 2897 Polemonis
1411 2837 1495 2896 tiliae
1522 2853 1599 2895 nora
1617 2833 1670 2892 lucc

350 2939 530 3000 illustrarint
556 2961 652 3018 nuper
678 2942 715 3001 ab
738 2941 867 3001 Ernesto
890 2940 995 3002 Curtio
1021 2942 1053 3001 in
1079 2942 1155 3000 actis
1182 2941 1348 3000 minoribus
1375 2940 1549 2999 academiae
1569 2935 1670 2997 Beroli·

350 3043 495 3121 nensis1)
518 3045 645 3122 primum
669 3045 757 3118 edita,
780 3043 906 3104 Curtius
929 3055 1027 3104 autem
1049 3045 1086 3103 de
1100 3043 1227 3103 decretis
1250 3043 1288 3102 iis
1310 3051 1516 3102 commentans
1537 3041 1670 3116 reliquum
1738 3101 1739 3134 ἶ

350 3162 453 3204 eorum
476 3155 682 3224 argumentum
705 3149 801 3226 magis
823 3167 913 3224 qnam
934 3165 983 3207 res
1000 3147 1164 3206 Thracicas
1186 3153 1362 3224 persecutns
1384 3146 1433 3218 sit,
1454 3146 1572 3224 regiam
1588 3142 1669 3200 Thra·
1738 3137 1739 3156 ¹

349 3265 416 3308 cum
439 3248 607 3326 dynastiam
622 3272 642 3310 a
656 3247 786 3310 Caesare
807 3251 877 3310 inde
899 3251 1053 3326 explicare
1074 3250 1106 3309 in
1127 3249 1226 3308 animo
1248 3258 1304 3308 est.
1319 3248 1510 3308 —Thracia
1531 3267 1589 3325 quo
1609 3257 1669 3306 tem·

349 3369 421 3426 pore
436 3351 545 3412 bellum
561 3354 639 3413 inter
653 3351 815 3415 Caesarem
831 3361 860 3410 et
873 3353 1050 3431 Pompeium
1065 3353 1181 3412 exarsit
1200 3369 1382 3428 quamquam
1402 3351 1543 3430 pluribus
1563 3350 1669 3427 regibus

348 3454 458 3530 paruit,
481 3454 669 3534 Odrysarum
691 3474 777 3534 reges
799 3456 837 3514 ab
851 3455 947 3515 Hebri
970 3455 1053 3514 fluvii
1074 3455 1162 3514 ostiis
1185 3455 1224 3512 ad
1239 3453 1391 3514 Odessum
1412 3472 1510 3532 usque
1532 3453 1669 3514 dominan-

348 3553 433 3633 tes')
456 3557 499 3616 ita
520 3578 610 3636 super
630 3559 764 3637 reliquos
786 3559 964 3631 eminebant,
986 3567 1020 3618 ut
1040 3559 1198 3617 universae
1213 3557 1364 3617 Thraciae
1384 3575 1529 3636 praeesse
1551 3555 1668 3616 rideren-

347 3653 450 3736 tur⁸),
476 3681 532 3721 nec
553 3661 683 3722 dubitari
704 3669 805 3740 potest
826 3661 857 3720 id
878 3661 976 3740 ipsum
998 3679 1063 3720 esse
1085 3679 1210 3737 regnum
1233 3659 1382 3719 Thraciae
1403 3679 1431 3719 a.
1446 3659 1486 3720 46
1511 3679 1541 3737 p.
1558 3657 1625 3719 Chr.
1644 3658 1667 3714 in
1737 3681 1738 3750 }

348 3763 519 3838 provinciae
540 3764 666 3823 lormam
689 3773 911 3824 commutatum.
944 3762 1024 3824 Nam
1047 3763 1128 3822 bello
1151 3781 1177 3822 a.
1195 3783 1223 3821 u.
1239 3781 1263 3822 c.
1280 3761 1351 3836 725,
1373 3781 1434 3840 qno
1456 3764 1588 3822 maxime
1609 3761 1668 3818 dex-

347 3872 395 3923 tra
415 3863 482 3942 ripa
503 3865 638 3926 Danuvii
658 3867 809 3928 inferioris
830 3867 1035 3926 Romanorum
1059 3866 1140 3926 lacta
1160 3883 1228 3925 esse
1248 3865 1368 3924 videtur
1388 3865 1507 3926 Moesia
1527 3863 1667 3944 provincio

347 3967 519 4041 constituta,
541 3989 560 4028 a
573 3969 647 4028 solis
663 3969 792 4047 Odrysis
808 3967 938 4034 Crassus
961 3969 1106 4029 abstinuit
1125 3969 1224 4048 iisque
1246 3969 1322 4028 adeo
1342 3969 1408 4048 agri
1422 3967 1529 4028 Bessis
1551 3965 1666 4041 adempti

346 4079 462 4146 purtem
485 4071 672 4148 attribuit4).
708 4071 799 4147 Quod
819 4073 898 4132 infra
918 4073 1077 4151 apparebit
1098 4073 1199 4132 sedem
1221 4089 1274 4132 eos
1295 4089 1383 4149 reges
1403 4071 1547 4131 habuisse
1567 4089 1623 4129 non
1642 4069 1666 4125 iu

345 4172 468 4249 regione
490 4173 688 4252 Odrysarum,
710 4176 764 4234 sed
785 4175 817 4234 in
837 4175 930 4253 Bizye
946 4175 1018 4234 urbe
1041 4176 1124 4253 regia
1145 4176 1295 4252 quondam
1311 4176 1455 4234 datarum
1467 4170 1513 4252 ‘);
1536 4175 1604 4234 item
1624 4191 1666 4232 na·

348 4275 431 4336 tione
452 4295 505 4336 eos
527 4297 625 4357 neque
647 4277 777 4356 Odrysis
799 4279 990 4338 adnumerari
1010 4297 1108 4357 neque
1124 4279 1222 4353 Astis,
1244 4277 1299 4338 sed
1320 4277 1460 4338 diversae
1480 4279 1563 4356 genti
1584 4275 1667 4336 Thra·
1736 4327 1737 4340 ,

345 4443 549 4456 -—-—..

422 4553 445 4618 ¹)
470 4559 506 4608 A.
520 4559 592 4609 1874
611 4557 666 4624 p.l
687 4575 741 4625 seq.
778 4559 940 4626 Apographa
963 4567 989 4610 et
1011 4567 1115 4628 ectypa,
1140 4561 1232 4628 quibus
1255 4563 1311 4629 ipse
1335 4577 1396 4614 usne
1421 4569 1474 4625 est,
1502 4575 1552 4626 ego
1573 4567 1663 4624 qnoque

343 4646 469 4700 beneflcio
493 4651 547 4702 eiua
573 4652 688 4717 inspexi,
717 4665 800 4718 neque
826 4659 914 4704 tamen
937 4654 1075 4720 quicquam
1098 4657 1200 4720 repperi
1225 4655 1295 4721 quod
1314 4655 1422 4706 editioni
1447 4658 1565 4705 accurate
1590 4649 1662 4700 neae

343 4740 496 4793 adiceretur.

420 4831 445 4896 ²)
470 4835 565 4890 Strabo
586 4839 601 4886 7
621 4836 653 4887 fr.
668 4839 713 4888 48.

419 4925 445 4990 ²)
469 4929 511 4980 Ita
524 4929 604 4994 Cotys
622 4931 645 4980 is
664 4931 708 4995 qui
726 4929 755 4980 in
773 4929 842 4980 bello
855 4929 961 4981 Persico
980 4939 1072 4982 contra
1083 4931 1217 4984 Romanos
1236 4947 1309 4983 arma
1327 4933 1386 4982 tulit
1396 4933 1473 4984 Lirin
1486 4931 1578 4981 dicitnr
1593 4925 1661 4978 modo
1735 4971 1736 4974 ,

346 5015 502 5086 Odrprancm
519 5037 566 5072 rec
584 5023 688 5084 42,29,
704 5023 747 5084 12,
767 5039 788 5072 c.
804 5021 907 5086 51,10,
927 5023 1006 5075 modo
1024 5039 1070 5074 rea
1093 5004 1218 5075 Thracane
1237 5025 1281 5088 45,
1296 5026 1341 5076 42.

417 5111 443 5177 ⁴)
467 5113 522 5166 Dio
538 5115 582 5178 51,
597 5115 640 5166 25.
669 5113 781 5166 Praenes
790 5116 961 5167 Macedoniae
979 5131 1004 5166 a.
1016 5105 1068 5167 732
1088 5118 1222 5182 iudicium,
1244 5119 1386 5170 maiestatis
1399 5120 1499 5184 opinor,
1519 5115 1595 5168 subiit
1608 5125 1659 5178 pro-

340 5213 398 5270 pter
415 5207 511 5258 bellum
530 5207 639 5272 Odrysis
658 5223 705 5258 rua
723 5215 815 5273 sponte
834 5209 935 5259 illatum
955 5207 1019 5270 (Dio
1040 5209 1084 5274 54,
1107 5212 1142 5272 3).

417 5297 441 5361 ⁵)
465 5299 507 5350 De
526 5314 557 5349 ea
575 5315 604 5350 re
622 5301 789 5366 exposuimus
808 5301 878 5351 inira
896 5317 922 5366 p.
938 5301 1000 5352 252.
