3504 6004
335 587 410 658 264
633 605 941 661 oosnnvamouns
967 605 1243 660 umcnnrfflcan
1260 606 1367 660 xvm.

333 1241 450 1301 XVIII.
477 1237 717 1301 DEDICATIO
743 1237 887 1300 ΕΑΟΤΑ
915 1238 970 1300 OB
999 1237 1242 1300 VICTORIAM
1267 1237 1326 1298 DE
1348 1237 1676 1300 TACFARINATE.

335 1479 467 1608 Misit
504 1548 576 1607 mihi
609 1567 646 1606 ex
675 1548 809 1626 Trapani
848 1547 960 1626 oppido
988 1545 1108 1607 Siciliae
1144 1557 1244 1606 comes
1274 1546 1456 1606 Franeiecua
1484 1545 1677 1606 Hernandez

335 1661 372 1718 de
401 1657 529 1717 Currere
559 1659 678 1716 titulum
715 1659 765 1735 qui
799 1657 934 1734 sequitur
968 1657 1024 1715 aab
1056 1656 1084 1714 A
1115 1665 1263 1734 repertum
1300 1656 1338 1714 ad
1370 1655 1498 1732 Erycem
1535 1667 1676 1716 montem

335 1761 586 1837 adservatumque
621 1761 709 1818 hodie
742 1761 822 1820 domi
857 1777 930 1818 auae
966 1769 996 1817 et
1032 1777 1051 1815 a
1086 1777 1118 1818 ee
1154 1759 1270 1818 curiose
1306 1758 1502 1834 descriptum
1540 1761 1678 1819 eundem

336 1865 516 1941 descriptum
551 1863 632 1921 dedit
663 1863 813 1922 Bardtius.
857 1861 989 1921 Litterae
1026 1861 1191 1920 carminum
1225 1861 1356 1919 minutae
1389 1868 1460 1920 aunt
1491 1869 1522 1920 et
1542 1882 1676 1939 pravae.

984 2152 1021 2210 A.

617 2372 876 2450 sunan<
935 2356 1223 2492 *a

615 2513 654 2588 u
673 2513 987 2592 naucum·

607 2673 679 2717 SVLE
695 2675 810 2717 mnata
964 2671 1301 2721 anticumcuautvm

600 2793 763 2838 wsuosns
949 2799 1063 2842 araon!
1093 2813 1100 2826 ·
1129 2795 1284 2839 terrolam·

956 2919 1006 2962 talc
1018 2932 1025 2947 ·
1037 2918 1199 2961 lnam-Fvlr
1210 2933 1216 2945 ·
1229 2916 1310 2960 tucn

958 3046 1152 3089 PRAETEXTAE
1168 3060 1175 3074 ·
1194 3045 1312 3089 Poslrut

950 3179 1115 3224 SEPTEMVlR
1145 3181 1220 3224 PVER
1246 3183 1308 3226 Hau

954 3306 1071 3350 caesar
1086 3307 1178 3364 (ΨΜ
1198 3299 1308 3354 nunant

1121 3437 1138 3478 1.
1154 3453 1160 3466 ·
1177 3439 1312 3486 araonlc

424 3967 550 4046 Apronii
574 3985 682 4024 nomen
715 3985 781 4026 cum
813 3968 845 4026 in
871 3987 950 4027 novo
972 3969 1139 4046 fragmento
1166 3968 1213 4026 bis
1239 3968 1369 4044 legatur,
1402 3965 1474 4024 item
1501 3965 1619 4024 tertium
1645 3963 1678 4022 in

342 4068 576 4142 Gnaltherian0,
604 4077 759 4144 praeterea
779 4069 867 4128 facile
888 4071 1081 4148 intellegatur
1103 4069 1320 4130 dedicationem
1348 4070 1425 4127 hanc
1452 4067 1583 4126 oblatam
1605 4084 1677 4125 ease

341 4182 465 4250 propter
487 4172 688 4249 Aproniornm
711 4172 836 4231 duorum
859 4175 952 4251 patris
975 4175 1089 4251 filiique
1111 4191 1241 4250 pugnam
1264 4191 1331 4231 cnm
1353 4169 1508 4242 Gaetulis,
1531 4171 1589 4228 iam
1612 4187 1676 4244 qno

341 4275 499 4352 pertineat,
521 4275 653 4352 explicet
678 4273 803 4334 Tacitus
826 4277 913 4335 tertio
936 4275 1037 4335 annali
1059 4275 1097 4352 (c.
1112 4275 1165 4352 21)
1188 4292 1332 4334 enarrans
1354 4273 1463 4332 bellum
1484 4293 1504 4330 a
1524 4271 1560 4330 L.
1575 4273 1678 4348 Apro·

342 4382 392 4436 nio
415 4377 593 4454 proconsule
619 4375 744 4450 Africae
769 4379 934 4456 imperante
962 4377 1084 4437 Tiberio
1112 4399 1138 4436 a.
1162 4397 1191 4454 p.
1213 4374 1287 4436 chr.
1315 4373 1355 4434 20
1382 4383 1499 4452 gestum
1528 4374 1677 4433 adversus

342 4480 564 4540 Tacfarinatem
587 4479 691 4539 ducem
713 4479 914 4539 Numidarum
935 4481 1182 4540 Musulamiorum
1205 4488 1235 4538 et
1255 4479 1363 4537 finiens
1386 4478 1444 4536 sic:
1469 4475 1676 4553 (Tacfarinas)

337 4593 493 4660 postquem
508 4583 617 4658 deflexit
630 4583 671 4640 ed
683 4585 841 4641 maritimos
857 4584 947 4655 locos,
964 4583 1102 4660 iulipetue
1113 4583 1228 4659 praeda
1242 4583 1355 4640 etatiau‘e
1371 4584 1476 4640 caenia
1491 4577 1676 4638 adhaerebat.

342 4685 437 4745 Mieeu
460 4688 557 4762 patria
585 4685 733 4760 Apronius
766 4683 923 4745 Caesianus
951 4705 1013 4746 cum
1041 4689 1132 4762 equite
1159 4693 1185 4743 et
1212 4684 1372 4742 cohortibus
1404 4681 1578 4754 erudierim,
1604 4685 1675 4756 quie

340 4789 532 4847 velocissimae
559 4787 698 4863 legionum
724 4789 891 4858 addiderat,
914 4807 1088 4865 prosperum
1113 4789 1264 4846 aduersum
1291 4786 1436 4844 Numidae
1460 4802 1583 4862 perquam
1595 4784 1676 4858 feeit

338 4891 477 4968 pellitque
511 4894 542 4948 iu
577 4891 697 4948 decerto.
741 4891 789 4948 Ita
815 4909 882 4949 com
911 4899 1120 4970 argumentum
1153 4891 1317 4948 carminum
1348 4888 1568 4957 interviderem‚
1602 4887 1676 4958 ipsa

342 4993 528 5054 Buechelero
560 4993 672 5051 tramiei
701 5009 828 5068 rogans,
857 5004 890 5052 ut
925 5011 1027 5052 eorum
1063 4993 1312 5052 restituendorum
1353 4991 1517 5068 periculum
1550 4987 1674 5046 faceret

343 5093 432 5169 Quod
458 5097 502 5155 ita
527 5095 661 5174 perfecit,
688 5107 721 5154 ut
747 5113 831 5170 spem
857 5114 946 5172 quam
973 5095 1118 5156 habebam
1145 5105 1268 5155 eventus
1296 5094 1392 5174 ¹longe
1419 5101 1581 5170 superaret3
1610 5106 1674 5146 nec

342 5199 525 5258 committere
547 5197 640 5270 volui,
662 5205 695 5255 ut
717 5216 836 5256 carmen
857 5205 980 5276 propter
1001 5217 1101 5258 rerum
1123 5198 1298 5258 memoriam
1325 5194 1517 5256 memorabile
1542 5209 1591 5251 nec
1610 5207 1673 5265 per

342 5319 374 5360 se
397 5301 595 5378 spernendum
620 5301 679 5360 iam
703 5301 820 5379 egregie
841 5310 988 5360 resartum
1012 5302 1124 5361 diutius
1146 5303 1262 5360 lateret.
