3548 6012
546 630 703 692 ovaas‘r.
725 628 943 680 onomaton.
963 630 988 678 1.
1309 623 1312 632 ·
1382 607 1429 678 89

186 803 376 867 Manifestum
403 805 495 881 igitur
516 803 631 862 videtur
653 821 735 872 esse,
764 801 911 880 siquidem
939 803 1119 881 cognomina
1145 803 1210 862 eius
1235 803 1348 863 formae
1369 823 1431 862 om-

118 907 175 965 nino
199 907 226 964 in
254 926 312 966 usu
340 907 475 978 fuerunt,
502 905 625 965 uomina
652 905 805 982 gentilicia
827 911 951 981 prorsus
974 905 1138 981 aequaliter
1160 904 1288 964 formata
1309 906 1347 964 ab
1369 907 1432 966 illis

118 1009 155 1066 rel
173 1009 280 1086 origine
303 1009 353 1068 vel
375 987 432 1070 usu
454 1009 575 1067 diversa
595 1007 682 1065 fuiss.
718 1009 820 1084 Atque
842 1007 970 1082 primum
986 1007 1043 1066 hoc
1057 1005 1288 1078 obseruandum,
1310 1009 1433 1068 nomina

115 1112 251 1188 gentilicia
270 1114 303 1170 in
325 1131 400 1171 naus
421 1129 517 1189 paene
539 1111 640 1170 omnia
661 1109 833 1186 antiquiora
854 1128 922 1168 esse
944 1127 1034 1186 quam
1050 1110 1243 1186 cognomiua3
1266 1129 1362 1186 neque
1377 1113 1432 1171 mi·

115 1232 162 1272 nus
185 1213 241 1272 illis
266 1215 436 1272 recentiora
462 1214 584 1272 nonnius
610 1215 641 1271 in
662 1216 747 1271 onius
774 1219 852 1271 sunt.
896 1211 1046 1289 Exempla
1067 1212 1146 1270 enim
1167 1231 1243 1289 quae
1265 1215 1431 1292 composui,

115 1323 223 1394 excepta
243 1335 348 1376 eorum
370 1323 456 1392 parte
477 1335 554 1392 quae
577 1317 607 1374 in
628 1319 726 1386 incus,
754 1333 813 1374 non
836 1315 866 1372 iu
889 1333 961 1373 anus
983 1315 1193 1388 terminantur,
1220 1325 1273 1373 uut
1298 1333 1337 1374 cx
1358 1316 1432 1375 libe-

115 1439 156 1476 rae
178 1419 218 1477 rei
243 1419 384 1495 publicae
411 1419 594 1496 temporibus
620 1417 782 1494 repetenda
808 1416 904 1493 (velut
931 1417 1090 1491 desolantes
1118 1417 1314 1478 Albinovanus
1339 1419 1431 1478 Bolu-

113 1541 156 1580 nus
176 1521 341 1596 dissoluant
362 1520 557 1580 Nomentanus
579 1520 733 1578 Norbanus
757 1517 927 1580 Satricanus
950 1519 1090 1578 Scetanus
1112 1516 1265 1579 'fiitunus
1290 1521 1431 1598 Vernaus)

114 1631 156 1682 aut
179 1633 255 1683 certe
283 1624 406 1683 saeculo
427 1624 525 1701 primo
547 1623 679 1681 alterove
701 1642 761 1681 uon
782 1622 948 1682 recentiora
969 1631 1048 1680 sunt.
1097 1622 1203 1698 ltaque
1225 1623 1262 1680 ad
1284 1631 1431 1682 vetustam

114 1725 228 1802 aliquam
255 1727 519 1796 consuetudinem,
547 1745 607 1784 non
637 1725 674 1784 ad
704 1725 878 1784 recentioris
908 1725 1051 1802 temporis
1080 1725 1282 1784 confusionem
1311 1728 1432 1786 nomina

115 1829 176 1886 haec
200 1829 358 1888 referenda
384 1837 467 1900 sunt;
495 1827 524 1886 id
551 1829 631 1904 quod
656 1828 743 1886 etiam
766 1827 926 1886 multitudo
946 1847 1048 1886 eorum
1071 1827 1191 1886 indicat.
1235 1827 1433 1906 inpromptu

114 1939 152 1988 est
169 1932 329 2008 explicatio
352 1951 398 2004 ea,
420 1941 454 1990 ut
475 1931 611 1990 homiues
633 1931 704 1990 illos
719 1950 738 1989 a
752 1932 848 1990 servis
864 1930 1008 1989 oriundos
1023 1941 1172 2008 putemus,
1195 1931 1326 2008 quicum
1342 1909 1432 1992 liber·

113 2041 162 2091 late
186 2034 275 2092 etiam
303 2053 412 2092 nomeu
439 2035 626 2110 accepissant
652 2053 671 2091 a
696 2053 727 2091 re
749 2033 959 2109 publicabis,
986 2033 1072 2092 cuius
1099 2033 1171 2092 olim
1193 2034 1271 2092 serui
1292 2035 1431 2094 fuissent.

112 2138 199 2212 Atque
218 2157 283 2196 rem
307 2137 463 2214 publicam·
480 2153 643 2212 servosque
665 2135 816 2196 habuisse*
826 2135 911 2196 locos
926 2135 995 2194 illos
1010 2142 1123 2206 omnes,
1146 2136 1224 2195 unde
1239 2136 1360 2196 numida
1374 2138 1434 2196 ista

111 2240 287 2314 proveniunt,
310 2257 481 2315 quanquam
503 2239 704 2298 demonstrari
726 2239 828 2314 nequit
841 2239 872 2297 in
888 2217 1036 2310 omnibus,
1059 2257 1125 2298 cum
1142 2239 1320 2315 praesertim
1334 2240 1431 2316 plera-

110 2359 159 2416 que
180 2351 230 2400 aut
252 2341 326 2399 olim
349 2341 499 2400 interiisse
522 2351 574 2399 aut
595 2341 684 2418 plane
699 2341 801 2418 ignota
816 2341 964 2400 mansisse
980 2340 1151 2413 viderimus,
1174 2341 1238 2400 fieri
1254 2343 1352 2418 potuit
1366 2344 1432 2402 sine

110 2442 201 2502 dubio.
235 2443 298 2504 Sed
320 2445 420 2503 obstat
441 2443 575 2520 opinioni
597 2444 642 2502 illi
665 2443 785 2520 duplex,
807 2444 865 2502 nisi
886 2440 985 2514 fallor,
1008 2443 1188 2502 obseruatio.
1222 2443 1356 2504 Primum
1379 2448 1431 2523 qui

110 2565 142 2604 ex
155 2547 276 2606 seruitio
290 2546 458 2605 libertatem
473 2545 573 2623 adepti
593 2555 674 2616 suut,
696 2545 716 2603 ii
732 2545 812 2604 omni
827 2546 943 2604 ratione
958 2545 988 2604 id
1004 2545 1121 2604 efficere
1136 2546 1305 2620 voluerunt,
1328 2556 1361 2606 ut
1376 2569 1430 2625 pro

110 2649 236 2724 ingenuis
257 2649 439 2707 haberentur
461 2668 536 2708 neve
558 2657 682 2707 externa
703 2649 814 2707 veteris
837 2647 1019 2706 condicionis
1040 2647 1152 2706 indicia
1173 2649 1343 2708 retinerent.
1385 2652 1432 2710 Ita

111 2751 153 2826 qui
177 2751 247 2810 olim
270 2751 441 2810 nominibus
464 2750 623 2828 gentilitiis
645 2761 674 2810 et
693 2751 938 2827 praenominibus
960 2757 1154 2827 patronorum
1180 2751 1221 2809 uti
1244 2752 1328 2811 vetiti
1351 2761 1430 2824 sunt,

112 2853 257 2926 paullatim
281 2872 318 2912 ea
339 2854 440 2912 omnia
462 2853 518 2912 sibi
542 2853 781 2924 vindicaverunt3
809 2853 988 2931 cognomina
1009 2853 1074 2912 sola
1094 2863 1212 2931 praeter
1237 2862 1430 2930 patronorum

112 2954 312 3014 indicationem
339 2955 458 3015 servilis
484 2955 609 3033 originis
637 2955 762 3028 indicia,
789 2974 848 3014 non
870 2955 1043 3014 testimonia
1063 2967 1183 3014 seruata
1204 2965 1281 3015 sunt
1326 2957 1433 3034 Itaque

112 3056 236 3117 homines
258 3058 304 3116 illi
327 3059 354 3117 si
375 3058 443 3134 ipsa
463 3059 681 3136 gentiliciorum
703 3058 800 3116 forma
822 3078 840 3117 a
861 3057 1045 3134 reliquorum
1067 3059 1156 3136 plane
1179 3059 1297 3118 diversa
1318 3060 1359 3118 uti
1380 3071 1433 3120 aut

111 3159 162 3235 ipsi
187 3159 354 3220 voluissent
379 3169 431 3218 aut
456 3162 531 3218 inssi
558 3167 673 3233 essent,
700 3160 826 3239 originis
854 3179 914 3218 noa
941 3160 1054 3219 liberae
1079 3155 1222 3220 indicium
1250 3161 1430 3222 luculentum

112 3262 339 3336 proposuissent.
384 3262 502 3322 Deinde
524 3281 595 3322 vero
618 3263 865 3339 quemadmodum
888 3262 938 3340 qui
961 3271 1058 3323 certas
1081 3265 1118 3323 ob
1140 3281 1248 3323 causas
1270 3267 1429 3325 manumis-

112 3363 196 3421 sionis
223 3383 242 3421 s
267 3385 299 3424 re
325 3366 428 3442 aliqua
456 3365 578 3442 publica
597 3365 693 3424 factae
716 3366 888 3424 memoriam
911 3384 1031 3425 servare
1053 3373 1105 3424 aut
1127 3366 1285 3425 voluerunt
1307 3376 1360 3426 aut
1381 3368 1430 3427 de·

111 3464 229 3524 buerunt
256 3468 377 3526 nomina
403 3469 556 3544 gentilicis
584 3467 776 3526 formaverint
804 3468 944 3544 exempla
970 3469 1117 3527 nonnulla
1143 3469 1258 3528 docent.
1303 3471 1339 3528 In
1366 3470 1431 3527 uni·

111 3584 219 3626 versum
241 3569 292 3645 qui
314 3569 425 3646 publici
448 3571 576 3628 alicuius
599 3570 678 3629 servi
699 3571 818 3631 fueraut
840 3569 965 3630 Publicii
986 3571 1056 3630 dicti
1079 3579 1150 3631 sunt
1171 3579 1241 3650 post
1264 3571 1429 3632 libertatem

111 3668 250 3745 adeptam,
273 3680 305 3730 ut
326 3672 434 3731 docent
455 3673 596 3749 exempla
616 3673 704 3730 haec:

189 3773 583 3846 camulianensium,
607 3775 754 3835 libertinas
776 3776 867 3847 bomo,
889 3795 971 3853 queen
992 3777 1072 3852 npnad
1091 3780 1214 3836 maiores
1236 3777 1321 3855 lopati
1339 3783 1432 3840 nosos·

266 3880 303 3945 in,
322 3875 474 3936 &aeciam
497 3879 706 3955 proficiscentes
731 3882 910 3954 interpretem
935 3897 1027 3938 seeum
1054 3879 1156 3938 lubere
1181 3880 1331 3940 coluerunt
1355 3889 1431 3942 teste

266 3977 412 4038 Cicerone
435 3979 509 4056 (pro
532 3980 628 4040 Balbo
651 3982 703 4050 ll,
723 3979 792 4057 28),
819 3981 871 4057 qui
898 3981 934 4039 de
961 4001 997 4039 eo
1023 3979 1060 4038 ad
1082 3982 1226 4058 populum
1247 3982 1339 4042 latum
1362 4003 1430 4044 csse

267 4081 365 4153 addit,
393 4091 424 4140 ut
444 4086 470 4140 is
493 4081 655 4154 Publicius,
681 4087 707 4142 si
728 4085 840 4142 domum
859 4087 1012 4142 revenisset
1031 4093 1057 4141 et
1076 4085 1143 4141 inde
1163 4085 1281 4143 Romana
1301 4089 1431 4154 redisset,

266 4203 301 4242 ae
321 4189 415 4242 minua
438 4188 509 4244 civis
531 4195 609 4244 esset.

188 4284 225 4342 A.
252 4285 401 4345 Publicius
431 4285 605 4358 Germanus,
636 4288 769 4346 sacerdos
797 4289 932 4367 familiae
957 4288 1088 4365 publicae
1116 4290 1278 4349 colonorum
1305 4292 1431 4350 coloniae

266 4389 412 4448 Patriciae
435 4398 591 4465 perpetuus
614 4388 773 4449 Cordubae
800 4389 833 4450 C.
856 4389 881 4448 Ι.
898 4391 934 4448 L.
956 4391 987 4449 ΙΙ
1007 4389 1097 4450 2229.
1141 4391 1217 4450 Vide
1244 4411 1334 4469 supra
1360 4393 1428 4453 Ger-

267 4510 367 4550 manus
390 4491 420 4548 in
442 4491 540 4549 indice
561 4493 781 4568 cognominum.

188 4589 230 4648 M.
245 4592 391 4652 Publicius
413 4593 541 4652 coloniae
562 4595 677 4654 libertus
691 4595 880 4655 Philodamus
897 4595 1023 4655 Venafri
1037 4596 1062 4654 Ι.
1078 4595 1117 4655 N.
1134 4597 1214 4656 4703
1238 4597 1290 4673 (=
1306 4597 1430 4658 Henzen

183 4683 188 4696 ⁴
267 4693 372 4770 6398).

192 4793 222 4852 0.
248 4795 393 4856 Pallicias
423 4803 596 4876 municipum
625 4799 894 4860 Mediolaniensiuna
927 4803 1071 4879 l(ibertus)
1102 4802 1265 4860 Alexander
1297 4803 1328 4862 in
1356 4823 1429 4882 agro

268 4897 447 4958 Novariensi
470 4898 504 4959 G.
522 4901 547 4960 Ι.
565 4901 601 4958 L.
618 4903 647 4960 V
662 4901 743 4962 6630
767 4902 819 4979 (-·
838 4903 933 4963 Orell.
950 4904 1056 4981 4905).

189 4995 225 5055 L.
248 5000 391 5060 Publicius
411 5001 557 5077 Eutyches
584 5008 732 5082 municipii
756 5005 906 5065 Tarnisini
927 5007 1043 5066 libertus
1065 5007 1196 5066 Tarvisii
1220 5006 1254 5068 O.
1275 5009 1300 5067 I.
1323 5008 1359 5068 L.
1379 5009 1429 5068 III
1451 5043 1454 5046 ·

268 5102 347 5162 eron
370 5103 424 5178 (=
442 5102 528 5164 erut.
543 5105 593 5179 sn,
612 5107 673 5184 13).
1124 5089 1127 5096 ’

195 5202 227 5273 Q.
252 5205 399 5265 Rablicius
430 5206 686 5286 ferquidem-um)
716 5209 834 5270 libertus
864 5211 947 5271 Felin
974 5213 1119 5292 Tergeste
1148 5211 1182 5273 (l.
1210 5213 1234 5272 Ι.
1258 5212 1293 5272 L.
1317 5211 1345 5270 V
1368 5212 1429 5273 628

268 5307 320 5384 (=
336 5306 462 5370 Hennen
477 5308 583 5386 6397).
