3520 6006
364 661 706 714 communirrouns
722 659 999 712 EPIGRAPfflcAn
1022 661 1125 714 rens,
1336 643 1408 713 165

165 831 303 906 Fiorolla',
329 833 507 892 Monumenti
531 835 639 893 andeli
660 835 810 910 posseduti
830 835 870 892 da
892 832 925 892 S.
943 835 1033 894 111.
1056 835 1080 892 il
1101 844 1179 892 sonte
1204 835 1236 892 di
1258 833 1410 907 Siraeusa,

11 975 12 978 η
98 943 143 990 lus.
155 933 215 1004 111,
235 954 268 1011 p.
285 933 339 1006 13,
366 953 456 1012 quem
476 935 586 995 librum
607 937 796 995 rarissimum
817 955 865 995 me
886 945 1010 1014 rogante
1033 934 1072 996 G.
1095 936 1132 996 de
1154 936 1247 995 Petra
1267 936 1413 1014 inspexit,

97 1033 213 1108 Florelli,
234 1035 318 1096 Bull.
341 1039 420 1096 oreb.
436 1037 515 1115 Nap.
537 1059 583 1098 nv.
606 1059 628 1098 a.
645 1038 704 1112 IV,
726 1039 795 1112 105,
822 1040 901 1098 unde
918 1039 1062 1112 ‚Faltoni
1086 1038 1118 1100 0.
1132 1039 1159 1097 I.
1180 1039 1251 1098 Ital.
1273 1059 1302 1096 a.
1320 1039 1412 1099 2762.

96 1137 216 1211 Eaderts,
239 1139 381 1199 Fomenl.
398 1141 426 1198 d.
445 1139 514 1200 Oslc.
529 1139 598 1217 Spr.
612 1160 642 1199 a.
657 1139 728 1212 XL,
743 1142 772 1200 4.
805 1138 1025 1200 Traetoverunt
1039 1141 1210 1212 Minervini,
1231 1141 1314 1199 Bull.
1332 1142 1412 1200 oreb.

97 1239 160 1316 Nep.
180 1261 227 1298 w.
250 1261 274 1299 a.
295 1241 326 1314 1,
349 1240 417 1300 103.
446 1245 483 1318 cs.
504 1243 562 1314 IV,
586 1243 658 1316 108,
685 1259 751 1320 ego,
775 1243 851 1318 ZJ.
873 1243 964 1320 serpl.
986 1242 1055 1320 Spr.
1079 1244 1138 1316 XI,
1160 1243 1232 1315 314,
1275 1241 1412 1316 Fiorelli‚

101 1343 269 1402 Adversaris
289 1345 480 1421 epigraplioa
497 1363 529 1420 p.
547 1345 571 1404 1.

99 1595 392 1606 -——-—-—

94 1831 137 1890 10.
162 1813 293 1910 'Tegula
320 1832 352 1890 in
380 1849 452 1910 agro
475 1830 609 1894 Cumano
635 1840 756 1910 reperta
795 1831 824 1891 d‘
838 1849 975 1909 appresso
995 1831 1046 1890 all’
1068 1831 1147 1892 Areo
1165 1833 1254 1908 selice
1279 1833 1326 1894 nel
1353 1835 1410 1894 tato

126 1934 198 1992 dello
224 1933 371 2012 Spiopgid
406 1955 473 1995 oum
510 1936 607 2013 figura
637 1935 763 2012 graphio
796 1943 922 1994 exarata
949 1934 1076 1992 feminae
1107 1935 1205 1994 nudae
1237 1937 1345 1996 stantis
1379 1939 1410 1996 in

128 2035 212 2111 globo
235 2047 266 2095 et
286 2037 436 2096 braoehiis
458 2037 617 2114 pandentis
639 2037 773 2115 amplum
793 2037 919 2115 pallium
942 2036 1109 2110 stellatum,
1134 2039 1165 2096 in
1187 2055 1247 2114 quo
1269 2039 1315 2098 bis
1338 2040 1411 2098 scri·

125 2147 204 2215 ptum
226 2148 286 2198 est:

389 2333 512 2438 dpsim
920 2335 1041 2438 dpsim

285 2492 450 2571 Opsiorum
472 2493 624 2570 (donum).
821 2492 984 2571 Opsiorum
1006 2495 1156 2572 (donum).

170 2690 207 2750 G.
223 2689 373 2766 samaa,
399 2692 504 2770 Teqolo
523 2692 650 2752 Cumano
673 2711 726 2752 eon
746 2689 989 2770 rapproreatama
1009 2695 1128 2770 yrosfita
1145 2693 1311 2770 eleppenda
1326 2693 1412 2754 Osca.

91 2793 170 2865 raes,
188 2814 221 2870 p.
237 2795 314 2870 req.
337 2794 416 2871 aeq.
439 2806 507 2866 aa,
528 2771 759 2867 undernarius,
782 2794 1105 2890 0111111761·
1127 2795 1317 2870 cannara
1340 2797 1413 2855 ror-

94 2896 165 2953 menl.
187 2898 215 2954 d.
244 2895 314 2956 Oak.
336 2894 761 2973 spr.XL11-XLIJJ,14.
811 2898 910 2974 Upas'm
940 2922 977 2947 =
1011 2896 1162 2974 Opsiorum
1188 2905 1235 2956 est
1262 2899 1414 2978 genitivus

90 2996 206 3070 pluralis
226 2999 363 3057 eiusdem
383 2999 501 3076 generis
523 2999 780 3076 atqueAiaemim,
804 2999 933 3075 Safinim,
948 3001 1046 3072 allaim,
1070 3017 1136 3058 eum
1158 3008 1189 3058 et
1209 3000 1289 3058 tituli
1311 2998 1412 3059 Latini

91 3095 181 3158 Oscae
194 3101 344 3177 qnondam
355 3101 487 3178 regionis
498 3099 627 3160 habeant
638 3101 761 3160 nomina
772 3100 889 3178 Opsius,
907 3101 1026 3178 Optatus
1049 3099 1195 3177 (Momms.
1218 3101 1245 3160 Ι.
1267 3102 1303 3159 11.
1317 3102 1412 3178 Neap.

90 3199 148 3258 lad
157 3221 228 3260 umes
234 3207 323 3262 viror.
336 3213 362 3262 et
372 3203 506 3280 malim),
518 3213 549 3262 et
554 3203 676 3280 genitivi
691 3202 816 3282 pluralis
831 3203 985 3262 nominum
998 3204 1155 3280 gentilium
1167 3223 1261 3280 nuper
1271 3205 1303 3262 in
1317 3203 1414 3262 lucem

91 3303 244 3378 prodierint
278 3306 401 3364 Virdium
423 3331 460 3356 =
492 3307 650 3366 Vim-iorum
677 3315 707 3364 et
734 3305 915 3365 Kluoatiium
943 3331 981 3356 =
1014 3304 1210 3364 Ctovaaoram
1235 3307 1267 3364 in
1294 3307 1413 3366 dedica·

92 3404 197 3464 tionum
217 3407 313 3467 titulis
336 3405 509 3485 Campanis,
531 3408 684 3467 hominum
708 3407 822 3468 scilieet
849 3408 1045 3485 complurium
1075 3407 1210 3467 eiusdem
1230 3409 1339 3486 gentis,
1362 3411 1414 3486 qui

91 3504 149 3565 deis
170 3508 246 3568 dona
266 3511 412 3570 dederunt
433 3511 476 3587 (a.
499 3511 544 3570 12.
566 3510 627 3586 14),
650 3519 681 3569 et
700 3509 897 3569 dedicationis
919 3511 1063 3569 formulas
1086 3511 1133 3570 bis
1147 3511 1251 3597 ¹repeti
1264 3511 1296 3568 in
1310 3510 1415 3569 eodem

92 3607 170 3667 fictili
191 3609 343 3690 Campano
358 3631 451 3688 supra
463 3612 699 3672 demonstratum
722 3613 762 3672 sit
783 3611 963 3689 (a.10.13).
1000 3613 1105 3689 Itaque
1133 3614 1233 3690 Upaim
1254 3613 1414 3690 significat,

96 3709 242 3786 Opsiorum
261 3715 362 3793 gentis
377 3713 532 3775 Cumanae
547 3715 685 3774 homines
707 3715 837 3792 effigiem
859 3715 933 3774 deae
948 3716 1074 3793 graphio
1090 3723 1245 3774 exoratam
1267 3715 1298 3774 in
1313 3716 1415 3794 tegula

91 3811 154 3871 huie
180 3815 237 3892 ipsi
263 3815 336 3875 deae
364 3818 443 3877 dono
471 3817 599 3877 dedisse.
641 3817 691 3876 Me
719 3827 818 3876 antem
844 3817 942 3876 iudice
964 3819 1038 3877 haee
1064 3818 1121 3877 dea
1142 3827 1189 3877 est
1214 3817 1283 3876 Nox
1307 3817 1412 3894 (Verp.

91 3914 158 3972 Aen.
178 3915 209 3986 V,
232 3918 294 3976 721.
322 3919 395 3992 VH,
419 3919 485 3980 331.
511 3919 679 3991 Χ11,840.
704 3920 771 3979 880.
807 3918 891 3978 Oaid.
915 3920 1039 3992 FastI,
1064 3921 1146 3996 450),
1167 3920 1292 3998 pallium
1315 3921 1412 3978 stellis

92 4027 227 4092 ornatum,
248 4020 329 4096 qnod
351 4021 509 4098 expandit:
532 4029 710 4080 nocturnum
731 4021 846 4080 eaelum
870 4021 1036 4096 stellatum,
1058 4022 1176 4100 globus,
1202 4023 1233 4082 in
1256 4040 1316 4098 quo
1338 4032 1412 4082 stat:

92 4119 177 4192 polus
197 4121 291 4200 (Verp.
307 4122 381 4183 Aeo.
400 4125 433 4198 V,
455 4125 524 4202 721)
546 4126 595 4184 vel
616 4123 724 4202 globus
746 4125 859 4183 mundi.

651 4642 840 4704 POMPEII.

98 4823 154 4884 2⁰·
191 4831 305 4894 Tabula
326 4854 366 4894 ex
387 4833 487 4912 lapide
509 4834 669 4895 Tiburtino
696 4836 748 4912 qui
770 4845 894 4895 vocatur
915 4835 1099 4914 marginibus
1127 4836 1275 4912 utrimque
1297 4835 1413 4895 detritis

136 4935 166 4986 el
186 4931 332 4997 deficiente
359 4944 489 5014 unoque
510 4939 621 5016 angulo
644 4937 800 5016 superiore
821 4937 931 5010 fracto,
959 4937 1081 4996 inventa
1109 4945 1178 4996 ante
1204 4930 1413 5015 portom'Sta·

136 5029 244 5097 bimam
265 5040 313 5099 die
336 5039 373 5098 12
396 5041 510 5099 mensis
532 5041 662 5118 Augusti
684 5060 711 5100 a.
730 5039 824 5114 1851,
852 5039 960 5099 litteris
983 5039 1021 5098 ad
1042 5040 1178 5119 regulam
1200 5015 1275 5098 be⁰ne
1296 5039 1413 5112 incisis,

137 5142 255 5200 nuncin
275 5160 381 5202 museo
403 5141 623 5221 Neapolitano:
1022 5136 1024 5146 '
