3548 6012
317 567 366 638 22
911 587 1051 640 nurum,

315 771 429 822 certum
455 771 502 822 est
526 761 667 822 indicium
694 761 743 820 hic
768 771 868 822 tamen
894 779 954 820 non
976 779 1049 820 casu
1071 762 1182 820 lactum
1205 779 1272 822 esse
1294 761 1422 821 videtur.
1467 761 1564 824 Deest
1584 764 1653 839 qui·

316 867 382 926 dem
403 865 436 924 in
458 863 523 924 eod.
545 863 643 924 Pelet.
666 864 711 922 tit.
726 862 863 936 XXVII,
886 863 939 922 sed
960 881 1027 922 cum
1050 863 1087 922 de
1109 864 1157 924 his
1180 865 1370 941 potissimum
1393 865 1569 942 accipienda
1590 867 1656 926 sint

316 967 409 1026 verba
427 962 480 1026 ‘ad
501 967 646 1026 circulare
667 985 868 1026 mormoreum
890 961 1020 1043 epistile’
1043 999 1082 1010 ·-
1109 965 1140 1024 id
1161 967 1243 1043 quod
1265 968 1450 1028 demonstrat
1472 969 1655 1028 circulorum

316 1070 478 1129 delineatio
500 1069 616 1128 adiecta
637 1101 678 1112 -
700 1069 845 1128 omissum
866 1086 936 1128 esse
957 1075 1040 1145 patet
1061 1087 1143 1128 mero
1166 1088 1276 1127 errore.
1316 1070 1421 1129 Titulo
1436 1069 1545 1129 XXVI
1567 1090 1655 1146 prae·

317 1171 395 1232 cedit
416 1173 447 1231 in
469 1170 533 1231 cod.
556 1171 623 1231 Pal.
644 1171 755 1231 lemma
774 1167 869 1230 ‘aliud
891 1165 1092 1248 epigramma?
1128 1171 1273 1248 Epistylii
1297 1189 1365 1231 esse
1379 1172 1499 1232 titulum
1514 1173 1655 1244 XXVII,

318 1275 380 1333 veri
403 1273 589 1334 simillimum
611 1281 671 1345 est;
694 1274 752 1332 hoo
778 1282 878 1334 tamen
899 1274 1078 1342 notandum,
1105 1273 1142 1331 de
1164 1275 1339 1362 Aesculapii
1365 1283 1396 1332 et
1418 1273 1535 1332 Dianae
1557 1276 1658 1336 Ther·
1769 1279 1770 1370 J

261 1439 266 1450 ,
316 1377 395 1436 miae
416 1376 529 1455 templo
551 1377 752 1434 coniecturam
774 1375 859 1434 illum
881 1377 1019 1452 quisquis
1040 1383 1087 1434 est
1108 1375 1217 1436 fecisse
1239 1396 1278 1434 ex
1299 1377 1374 1452 ipsis
1389 1377 1544 1436 titulorum
1559 1378 1657 1436 XXV
1769 1373 1770 1450 l

268 1557 270 1561 Ι
318 1489 349 1540 et
369 1477 480 1538 XXVI
504 1478 603 1537 verbis
625 1479 779 1550 haustam,
806 1496 932 1554 eamque
953 1478 1158 1538 salsIssimam.
1202 1478 1299 1538 Immo
1321 1475 1463 1557 templi1)
1485 1482 1658 1540 consecrati
1769 1483 1770 1572 ζ

317 1581 409 1640 index
430 1581 572 1658 epistylio
594 1579 763 1656 insculptus
786 1587 832 1638 est
849 1569 1061 1662 Αὐτοκράτορος
1081 1570 1143 1636 ἓὲω
1167 1621 1258 1639 .....
1279 1571 1328 1638 καὶ
1340 1571 1522 1641 Ἀπόλλωνος
1535 1575 1659 1664 Θερμῖω,

319 1683 398 1744 sicut
423 1685 454 1742 iu
475 1682 598 1761 Mylasii
624 1681 727 1760 templi
754 1682 1065 1760 epistylio·scriptum
1092 1681 1150 1742 fuit
1171 1673 1361 1765 Αὐτοκράτορι
1385 1675 1505 1768 Καίσαρι
1532 1691 1590 1744 cet
1616 1719 1659 1728 -

317 1776 366 1844 uni
387 1782 452 1858 θεᾷ
470 1774 577 1862 Ῥώμῃ
599 1802 660 1862 quo
682 1785 822 1862 exemplo
845 1784 934 1844 simul
956 1782 1098 1844 Caesaris
1119 1803 1228 1844 nomen
1250 1785 1298 1844 dei
1320 1787 1433 1846 nomini
1454 1789 1659 1864 praemissum

280 1913 282 1918 ·
319 1897 491 1950 excusatur.
535 1885 634 1946 Doleo
660 1887 742 1964 quod
763 1889 914 1946 nescImus
936 1904 1094 1964 quemnam
1116 1887 1330 1966 imperatorum
1352 1888 1489 1964 Apollini
1510 1889 1659 1949 Thermia

319 1991 571 2069 Mytilenaeorum
597 1989 694 2066 pietas
721 1989 952 2062 consociarerit3
979 1980 1099 2071 Ν[ἒροοο
1122 1979 1250 2074 Τροιάοω
1272 1998 1406 2050 secutum
1429 2009 1495 2050 esse
1516 1991 1660 2051 Henzeni

321 2101 368 2154 est
389 2091 570 2152 coniectura.
607 2089 697 2150 Certo
720 2093 758 2150 ad
779 2091 863 2170 ipsas
879 2091 1027 2151 Thermas
1049 2093 1178 2169 pertinet
1199 2093 1304 2151 titulus
1319 2093 1438 2165 XXVI,
1459 2113 1518 2171 quo
1540 2095 1612 2154 fons
1629 2105 1662 2154 et

321 2193 525 2274 aquaeductus
539 2193 658 2254 Dianae
673 2193 835 2253 Thermiae
856 2194 982 2266 dicatur,
1000 2192 1162 2254 Cenchreis
1177 2193 1291 2254 Lesbia
1312 2196 1443 2272 quadam
1465 2197 1502 2254 ab
1525 2198 1600 2255 urbe
1617 2230 1661 2241 —

321 2297 453 2357 eiusdem
475 2296 604 2356 nominis
626 2297 769 2372 oppidum
791 2297 822 2354 in
845 2295 964 2355 Troade
985 2296 1081 2356 fuisse
1103 2296 1227 2356 adnotat
1241 2297 1365 2356 Boeekh
1388 2299 1439 2375 qui
1460 2298 1556 2358 edidit
1579 2297 1615 2359 O.
1633 2300 1659 2358 Ι.
1769 2299 1770 2376 l

323 2399 404 2460 2172
427 2431 466 2443 -
489 2399 528 2458 ad
541 2398 706 2475 Mytilenen
729 2415 826 2474 usque
846 2398 1014 2476 perductus.
1047 2399 1212 2458 Dedicator
1225 2399 1315 2458 Ditas
1337 2401 1458 2477 quidam
1480 2400 1579 2460 fuisse
1594 2420 1661 2461 cre·

321 2503 414 2574 ditur,
442 2501 532 2561 homo
560 2500 648 2578 plane
675 2507 883 2576 portentosas,
910 2521 965 2560 uec
990 2501 1085 2580 patris
1113 2521 1168 2560 neo
1193 2502 1309 2578 patriae
1330 2503 1449 2562 nomine
1471 2503 1574 2562 addito
1596 2524 1661 2563 uno
1769 2535 1770 2580 fi

321 2605 443 2665 nomine
476 2621 572 2680 eoque
603 2603 706 2679 ignoto
735 2611 902 2662 contentus.
952 2602 1066 2664 Nescio
1095 2605 1167 2680 quid
1195 2605 1382 2680 corruptelae
1409 2606 1503 2664 lateat
1530 2613 1560 2664 et
1589 2625 1661 2666 eum

322 2709 426 2768 eadem
453 2707 545 2766 verba
568 2695 709 2786 Ἀρτέμιδι
736 2694 844 2780 οὖοικέῳ
873 2697 962 2766 Altae
989 2707 1080 2764 etiam
1108 2699 1202 2784 ¹supra
1228 2707 1260 2764 in
1288 2706 1376 2766 titulo
1398 2707 1479 2765 XXI
1507 2708 1662 2784 legantur,

323 2809 521 2870 coniectando
548 2807 694 2870 abstineo.
718 2839 756 2850 —
787 2804 936 2866 Videntur
958 2809 1071 2887 scripta
1091 2809 1165 2868 haec
1185 2808 1281 2868 fuisse
1304 2827 1364 2886 quo
1385 2809 1453 2868 loeo
1476 2795 1557 2886 aqua
1578 2807 1662 2870 Cen-

322 2913 420 2972 chreis
441 2911 568 2970 deducta
589 2911 621 2968 in
643 2908 840 2968 Thermarum
862 2910 979 2970 alveum
1002 2929 1033 2969 se
1055 2911 1235 2971 effundebat

408 3013 547 3090 Denique
568 3013 613 3073 tit.
629 3010 724 3071 XXV
738 3011 814 3070 mire
835 3023 993 3088 corruptus
1015 3012 1142 3072 traditur
1163 3009 1194 3072 ih
1210 3014 1385 3092 apographo
1400 3013 1544 3090 Pariano,
1567 3015 1663 3076 inter·

323 3116 444 3196 polatus
467 3117 541 3177 adeo
562 3115 595 3176 in
617 3113 682 3176 cod.
705 3113 772 3174 Pal.
794 3115 874 3173 hunc
894 3115 926 3173 in
947 3113 1083 3174 modum:

755 3273 1238 3350 nrurerezterwetznn

756 3395 904 3450 ΓεΝεοῑ
920 3375 984 3448 To
997 3423 1004 3438 ·
1016 3398 1197 3452 anreeoa

756 3497 1026 3554 sarnumque
1046 3479 1181 3554 151>er

755 3601 1058 3656 οιοοιοοεῑοιοιε

324 3775 376 3836 nbi
397 3771 462 3833 v.4
483 3779 563 3832 recte
578 3769 690 3862 Gruter
712 3791 751 3832 ex
774 3773 839 3831 cod.
854 3761 991 3838 Asellione
1012 3772 1114 3834 edidit.
1157 3773 1281 3834 Boeekh
1303 3773 1337 3834 0.
1353 3774 1379 3834 Ι.
1396 3773 1477 3834 2194
1499 3774 1665 3837 Niebuhrii

326 3877 500 3956 apographo
528 3875 617 3947 fisus,
650 3875 703 3952 qui
730 3866 855 3940 Ale-thor
882 3875 961 3934 male
988 3875 1120 3954 legerat,
1148 3877 1287 3936 lacunam
1316 3877 1489 3954 descripsit:
1523 3872 1572 3936 διοὲ
1601 3873 1663 3946 [ab

326 3979 338 4056 [
340 4021 430 4040 .....
432 3978 445 4055 ]
467 3968 607 4050 nirdam
630 3978 661 4036 in
683 3977 878 4036 adnotatione
899 3986 998 4035 tamen
1011 3970 1149 4042 Λεσβίοις
1170 3979 1327 4038 lectionem
1350 3997 1424 4039 sano
1444 3981 1556 4039 iudicio
1574 4001 1665 4058 prae-

325 4081 403 4141 tulit.
443 4079 529 4140 Idem
555 4081 656 4138 versui
681 4081 778 4157 primo
804 4080 1010 4138 violentiorem
1037 4081 1183 4139 medelam
1210 4081 1361 4142 adhibuit:
1391 4073 1665 4166 παο[ιιγυριοι’ρχιι]ς

325 4173 374 4242 καὶ
395 4171 492 4267 ἱερεύς.
536 4181 602 4242 Neo
628 4183 735 4241 mirum
761 4177 845 4258 quod
869 4181 946 4240 male
968 4181 1077 4242 tradita
1098 4182 1233 4242 fraudem
1254 4185 1282 4242 ei
1303 4178 1448 4244 fecerunt.
1490 4185 1666 4262 Integriora

326 4293 463 4366 praestat
483 4286 690 4363 apographum
705 4285 887 4344 Fauianum:
913 4289 1271 4358 ΟΜΑΣΚΑΙΠΑΝΙΡΕΥΣ,
1294 4305 1420 4362 quorum
1444 4289 1582 4364 quamuis
1601 4309 1665 4348 non

327 4389 467 4448 omnibus
494 4389 625 4447 numeris
651 4396 733 4448 certa
754 4388 912 4464 contigerit
932 4387 1097 4458 restitutio,
1126 4397 1224 4446 tamen
1246 4399 1325 4448 recte
1347 4389 1419 4448 mihi
1441 4389 1545 4448 videor
1564 4391 1664 4450 homi·

326 4491 375 4550 nis
397 4508 506 4550 nomen
527 4490 696 4568 agnovisse.
733 4489 866 4584 Litteras
889 4491 968 4548 enim
990 4494 1170 4547 ΑΣΚΑΙΠΑΝ
1194 4491 1225 4548 in
1247 4495 1477 4549 ΑΣΚΛΑΠΙΑΔΑ
1500 4493 1663 4552 mutandas

328 4609 435 4652 censeo
463 4593 492 4650 h.
513 4612 538 4652 e.
558 4580 805 4669 Ἀσκλ[α]πιοῖδιι;
832 4601 902 4670 post
929 4596 949 4648 Α
977 4591 1065 4650 facile
1092 4597 1114 4649 Λ
1141 4592 1241 4650 littera
1267 4593 1442 4653 intercidere
1468 4595 1575 4670 potuit.
1620 4595 1665 4655 Et

327 4697 384 4754 hoo
412 4695 530 4774 quidem
555 4696 651 4771 patris
678 4712 787 4753 nomen
812 4702 874 4767 est,
900 4693 948 4752 cni
974 4694 1172 4770 praecedebat
1196 4695 1477 4772 ipsiussacerdotis
1499 4715 1606 4756 nornen
1629 4699 1663 4756 in

328 4779 408 4874 ἧς]
430 4797 580 4858 desinens.
603 4796 775 4856 Memineris
797 4791 846 4854 διοὲ
868 4785 968 4873 γένους
990 4796 1127 4872 Asclepii
1149 4795 1245 4857 fuisse
1266 4799 1467 4874 sacerdotem,
1494 4799 1586 4877 igitur
1607 4819 1663 4876 pa-

328 4983 533 4995 ..a——

408 5103 431 5166 ¹)
460 5103 490 5156 si
510 5103 613 5170 quidem
632 5103 682 5154 fuit
701 5103 798 5168 templi,
818 5119 872 5154 non
891 5103 1004 5168 ipsorum
1024 5101 1176 5154 balneorum
1194 5105 1303 5154 alicuius
1322 5105 1402 5169 partis
1416 5103 1575 5168 epistylium
1594 5104 1664 5154 sicut

329 5198 357 5248 in
381 5196 457 5246 titulo
475 5197 590 5262 Ephesio
610 5196 639 5248 O.
657 5197 679 5247 1.
699 5198 728 5246 L.
748 5197 799 5258 111,
820 5197 874 5246 424
898 5197 1073 5260 aquaeductus
1097 5184 1202 5247 Dcahao
1221 5195 1350 5262 Ephesiae
1373 5204 1400 5246 et
1424 5199 1484 5262 imp.
1506 5197 1610 5247 Caesari
1636 5205 1663 5246 et
1769 5175 1770 5184 ἶ

330 5291 372 5342 Ti.
393 5289 498 5341 Caesari
516 5290 587 5354 Aug.
606 5287 625 5339 l.
645 5295 670 5338 et
689 5288 788 5374 civitati
805 5288 901 5354 Ephes.
921 5289 1029 5340 dicatur.
