<?xml version="1.0" encoding="UTF-8"?>
<!DOCTYPE html PUBLIC "-//W3C//DTD XHTML 1.0 Transitional//EN"
    "http://www.w3.org/TR/xhtml1/DTD/xhtml1-transitional.dtd">
<html xmlns="http://www.w3.org/1999/xhtml" xml:lang="en" lang="en">
 <head>
  <title>
</title>
<meta http-equiv="Content-Type" content="text/html;charset=utf-8" />
  <meta name='ocr-system' content='tesseract 3.04.00' />
  <meta name='ocr-capabilities' content='ocr_page ocr_carea ocr_par ocr_line ocrx_word'/>
</head>
<body>
  <div class='ocr_page' id='page_1' title='image "./ephemerisepigra09instgoog_0019.png"; bbox 0 0 3548 6012; ppageno 0'>
   <div class='ocr_carea' id='block_1_1' title="bbox 220 523 1067 608">
    <p class='ocr_par' dir='ltr' id='par_1_1' title="bbox 220 523 1067 608">
     <span class='ocr_line' id='line_1_1' title="bbox 220 523 1067 608; baseline -0.002 0"><span class='ocrx_word' id='word_1_1' title='bbox 220 523 223 530; x_wconf 71' lang='grc'>’</span> <span class='ocrx_word' id='word_1_2' title='bbox 332 537 354 608; x_wconf 91' lang='grc'>8</span> <span class='ocrx_word' id='word_1_3' title='bbox 925 555 1067 608; x_wconf 73' lang='lat' dir='ltr'><strong>maan</strong></span> 
     </span>
    </p>
   </div>
   <div class='ocr_carea' id='block_1_2' title="bbox 330 709 1758 1224">
    <p class='ocr_par' dir='ltr' id='par_1_2' title="bbox 330 709 1758 1224">
     <span class='ocr_line' id='line_1_2' title="bbox 330 709 1758 811; baseline -0.001 -23"><span class='ocrx_word' id='word_1_4' title='bbox 330 738 360 788; x_wconf 91' lang='lat' dir='ltr'><strong>et</strong></span> <span class='ocrx_word' id='word_1_5' title='bbox 380 717 579 808; x_wconf 70' lang='grc' dir='ltr'>Διννομνέχ[ω]</span> <span class='ocrx_word' id='word_1_6' title='bbox 601 730 725 800; x_wconf 83' lang='lat' dir='ltr'><strong>formae,</strong></span> <span class='ocrx_word' id='word_1_7' title='bbox 747 749 823 808; x_wconf 87' lang='lat' dir='ltr'><strong>quac</strong></span> <span class='ocrx_word' id='word_1_8' title='bbox 845 732 941 791; x_wconf 86' lang='lat' dir='ltr'><strong>altera</strong></span> <span class='ocrx_word' id='word_1_9' title='bbox 960 733 1052 792; x_wconf 90' lang='lat' dir='ltr'><strong>etiam</strong></span> <span class='ocrx_word' id='word_1_10' title='bbox 1073 733 1141 811; x_wconf 89' lang='lat' dir='ltr'><strong>ipsa</strong></span> <span class='ocrx_word' id='word_1_11' title='bbox 1162 733 1274 792; x_wconf 82' lang='lat' dir='ltr'><strong>errorIs</strong></span> <span class='ocrx_word' id='word_1_12' title='bbox 1294 732 1409 791; x_wconf 88' lang='lat' dir='ltr'><strong>ratione</strong></span> <span class='ocrx_word' id='word_1_13' title='bbox 1424 727 1668 800; x_wconf 64' lang='lat' dir='ltr'><strong>commendatum</strong></span> <span class='ocrx_word' id='word_1_14' title='bbox 1757 709 1758 768; x_wconf 49' lang='lat'>3</span> 
     </span>
     <span class='ocr_line' id='line_1_3' title="bbox 330 831 1669 912; baseline -0.003 -20"><span class='ocrx_word' id='word_1_15' title='bbox 330 831 449 892; x_wconf 75' lang='lat' dir='ltr'><strong>facilius</strong></span> <span class='ocrx_word' id='word_1_16' title='bbox 470 833 550 891; x_wconf 90' lang='lat' dir='ltr'><strong>enim</strong></span> <span class='ocrx_word' id='word_1_17' title='bbox 572 851 610 890; x_wconf 88' lang='lat' dir='ltr'><strong>ex</strong></span> <span class='ocrx_word' id='word_1_18' title='bbox 632 851 692 892; x_wconf 88' lang='lat' dir='ltr'><strong>uuo</strong></span> <span class='ocrx_word' id='word_1_19' title='bbox 715 831 765 909; x_wconf 85' lang='lat' dir='ltr'><strong>(o)</strong></span> <span class='ocrx_word' id='word_1_20' title='bbox 788 851 876 910; x_wconf 90' lang='lat' dir='ltr'><strong>quam</strong></span> <span class='ocrx_word' id='word_1_21' title='bbox 899 854 938 894; x_wconf 84' lang='lat' dir='ltr'><strong>ex</strong></span> <span class='ocrx_word' id='word_1_22' title='bbox 959 835 1076 895; x_wconf 86' lang='lat' dir='ltr'><strong>duabus</strong></span> <span class='ocrx_word' id='word_1_23' title='bbox 1097 835 1206 895; x_wconf 85' lang='lat' dir='ltr'><strong>litteris</strong></span> <span class='ocrx_word' id='word_1_24' title='bbox 1227 833 1298 912; x_wconf 85' lang='lat' dir='ltr'><strong>(or)</strong></span> <span class='ocrx_word' id='word_1_25' title='bbox 1320 833 1399 892; x_wconf 88' lang='lat' dir='ltr'><strong>male</strong></span> <span class='ocrx_word' id='word_1_26' title='bbox 1419 831 1504 890; x_wconf 85' lang='lat' dir='ltr'><strong>lectis</strong></span> <span class='ocrx_word' id='word_1_27' title='bbox 1527 831 1669 889; x_wconf 86' lang='lat' dir='ltr'><strong>foliolum</strong></span> 
     </span>
     <span class='ocr_line' id='line_1_4' title="bbox 332 931 1671 1016; baseline -0.002 -23"><span class='ocrx_word' id='word_1_28' title='bbox 332 935 413 1012; x_wconf 88' lang='lat' dir='ltr'><strong>quod</strong></span> <span class='ocrx_word' id='word_1_29' title='bbox 434 934 561 994; x_wconf 81' lang='lat' dir='ltr'><strong>traditur</strong></span> <span class='ocrx_word' id='word_1_30' title='bbox 583 933 655 993; x_wconf 87' lang='lat' dir='ltr'><strong>oriri</strong></span> <span class='ocrx_word' id='word_1_31' title='bbox 675 935 782 1014; x_wconf 91' lang='lat' dir='ltr'><strong>potuit.</strong></span> <span class='ocrx_word' id='word_1_32' title='bbox 816 931 872 993; x_wconf 73' lang='grc' dir='ltr'><strong>ἆπδ</strong></span> <span class='ocrx_word' id='word_1_33' title='bbox 895 956 965 995; x_wconf 88' lang='lat' dir='ltr'><strong>vero</strong></span> <span class='ocrx_word' id='word_1_34' title='bbox 982 938 1236 1016; x_wconf 78' lang='lat' dir='ltr'>praepositionem</span> <span class='ocrx_word' id='word_1_35' title='bbox 1252 938 1394 996; x_wconf 79' lang='lat' dir='ltr'><strong>intactam</strong></span> <span class='ocrx_word' id='word_1_36' title='bbox 1409 933 1534 1010; x_wconf 86' lang='lat' dir='ltr'><strong>reliqui;</strong></span> <span class='ocrx_word' id='word_1_37' title='bbox 1555 933 1671 1012; x_wconf 84' lang='lat' dir='ltr'><strong>legitur</strong></span> 
     </span>
     <span class='ocr_line' id='line_1_5' title="bbox 331 1033 1670 1120; baseline -0.002 -24"><span class='ocrx_word' id='word_1_38' title='bbox 331 1037 436 1096; x_wconf 88' lang='lat' dir='ltr'><strong>eadem</strong></span> <span class='ocrx_word' id='word_1_39' title='bbox 460 1037 493 1096; x_wconf 91' lang='lat' dir='ltr'><strong>in</strong></span> <span class='ocrx_word' id='word_1_40' title='bbox 518 1037 605 1096; x_wconf 92' lang='lat' dir='ltr'><strong>titulo</strong></span> <span class='ocrx_word' id='word_1_41' title='bbox 627 1045 757 1096; x_wconf 90' lang='lat' dir='ltr'><strong>ceterum</strong></span> <span class='ocrx_word' id='word_1_42' title='bbox 780 1039 892 1098; x_wconf 76' lang='lat' dir='ltr'><strong>aeolice</strong></span> <span class='ocrx_word' id='word_1_43' title='bbox 913 1041 1025 1118; x_wconf 88' lang='lat' dir='ltr'><strong>scripto</strong></span> <span class='ocrx_word' id='word_1_44' title='bbox 1047 1037 1082 1099; x_wconf 85' lang='lat' dir='ltr'><strong>C.</strong></span> <span class='ocrx_word' id='word_1_45' title='bbox 1097 1041 1121 1098; x_wconf 97' lang='lat' dir='ltr'><strong>I.</strong></span> <span class='ocrx_word' id='word_1_46' title='bbox 1139 1037 1235 1097; x_wconf 75' lang='lat'><strong>2172:</strong></span> <span class='ocrx_word' id='word_1_47' title='bbox 1264 1033 1320 1096; x_wconf 74' lang='lat' dir='ltr'><strong>cini</strong></span> <span class='ocrx_word' id='word_1_48' title='bbox 1344 1037 1512 1120; x_wconf 61' lang='grc' dir='ltr'><strong>Κεγχρεᾶν.</strong></span> <span class='ocrx_word' id='word_1_49' title='bbox 1534 1069 1573 1079; x_wconf 92' lang='grc'><strong>-</strong></span> <span class='ocrx_word' id='word_1_50' title='bbox 1601 1033 1670 1095; x_wconf 89' lang='lat' dir='ltr'><strong>Sub</strong></span> 
     </span>
     <span class='ocr_line' id='line_1_6' title="bbox 331 1125 1670 1224; baseline -0.002 -26"><span class='ocrx_word' id='word_1_51' title='bbox 331 1125 421 1199; x_wconf 88' lang='lat' dir='ltr'><strong>tinem</strong></span> <span class='ocrx_word' id='word_1_52' title='bbox 442 1140 534 1198; x_wconf 86' lang='lat' dir='ltr'><strong>rerba</strong></span> <span class='ocrx_word' id='word_1_53' title='bbox 556 1129 672 1219; x_wconf 74' lang='grc' dir='ltr'>ἀμμέων</span> <span class='ocrx_word' id='word_1_54' title='bbox 687 1172 726 1182; x_wconf 95' lang='grc'><strong>-</strong></span> <span class='ocrx_word' id='word_1_55' title='bbox 741 1130 876 1224; x_wconf 75' lang='grc' dir='ltr'><strong>πρύτανιν</strong></span> <span class='ocrx_word' id='word_1_56' title='bbox 897 1142 986 1200; x_wconf 87' lang='lat' dir='ltr'><strong>unius</strong></span> <span class='ocrx_word' id='word_1_57' title='bbox 1008 1159 1115 1202; x_wconf 83' lang='lat' dir='ltr'><strong>versus</strong></span> <span class='ocrx_word' id='word_1_58' title='bbox 1138 1143 1238 1218; x_wconf 87' lang='lat' dir='ltr'><strong>spatio</strong></span> <span class='ocrx_word' id='word_1_59' title='bbox 1257 1141 1386 1201; x_wconf 88' lang='lat' dir='ltr'><strong>coercita</strong></span> <span class='ocrx_word' id='word_1_60' title='bbox 1400 1139 1530 1197; x_wconf 82' lang='lat' dir='ltr'><strong>fortasse</strong></span> <span class='ocrx_word' id='word_1_61' title='bbox 1545 1137 1574 1196; x_wconf 88' lang='lat' dir='ltr'><strong>iu</strong></span> <span class='ocrx_word' id='word_1_62' title='bbox 1590 1137 1670 1196; x_wconf 88' lang='lat' dir='ltr'><strong>duos</strong></span> 
     </span>
    </p>
   </div>
   <div class='ocr_carea' id='block_1_3' title="bbox 332 1231 1130 1328">
    <p class='ocr_par' dir='ltr' id='par_1_3' title="bbox 332 1231 1130 1328">
     <span class='ocr_line' id='line_1_7' title="bbox 332 1231 1130 1328; baseline 0.003 -28"><span class='ocrx_word' id='word_1_63' title='bbox 332 1241 544 1320; x_wconf 78' lang='lat' dir='ltr'><strong>dispescenda:</strong></span> <span class='ocrx_word' id='word_1_64' title='bbox 568 1231 679 1312; x_wconf 65' lang='grc' dir='ltr'>ἀμμέων</span> <span class='ocrx_word' id='word_1_65' title='bbox 700 1235 752 1299; x_wconf 69' lang='grc' dir='ltr'><strong>τᾶν</strong></span> <span class='ocrx_word' id='word_1_66' title='bbox 776 1243 781 1320; x_wconf 83' lang='grc' dir='ltr'>Ι</span> <span class='ocrx_word' id='word_1_67' title='bbox 805 1237 843 1300; x_wconf 76' lang='grc' dir='ltr'><strong>δι’</strong></span> <span class='ocrx_word' id='word_1_68' title='bbox 866 1242 967 1305; x_wconf 67' lang='grc' dir='ltr'>αἰῶνος</span> <span class='ocrx_word' id='word_1_69' title='bbox 987 1235 1130 1328; x_wconf 69' lang='grc' dir='ltr'>πρύτανιν.</span> 
     </span>
    </p>
   </div>
   <div class='ocr_carea' id='block_1_4' title="bbox 332 1315 1758 1834">
    <p class='ocr_par' dir='ltr' id='par_1_4' title="bbox 332 1315 1758 1852">
     <span class='ocr_line' id='line_1_8' title="bbox 415 1315 1758 1422; baseline -0.002 -18"><span class='ocrx_word' id='word_1_70' title='bbox 415 1343 464 1404; x_wconf 92' lang='lat' dir='ltr'><strong>De</strong></span> <span class='ocrx_word' id='word_1_71' title='bbox 490 1344 577 1404; x_wconf 79' lang='lat' dir='ltr'><strong>tertio</strong></span> <span class='ocrx_word' id='word_1_72' title='bbox 598 1343 647 1404; x_wconf 89' lang='lat' dir='ltr'><strong>vel</strong></span> <span class='ocrx_word' id='word_1_73' title='bbox 674 1345 750 1405; x_wconf 89' lang='lat' dir='ltr'><strong>adeo</strong></span> <span class='ocrx_word' id='word_1_74' title='bbox 776 1353 884 1422; x_wconf 88' lang='lat' dir='ltr'><strong>quarto</strong></span> <span class='ocrx_word' id='word_1_75' title='bbox 906 1345 1061 1406; x_wconf 90' lang='lat' dir='ltr'><strong>Publiciae</strong></span> <span class='ocrx_word' id='word_1_76' title='bbox 1089 1347 1210 1406; x_wconf 91' lang='lat' dir='ltr'><strong>nomine</strong></span> <span class='ocrx_word' id='word_1_77' title='bbox 1235 1365 1296 1406; x_wconf 91' lang='lat' dir='ltr'><strong>non</strong></span> <span class='ocrx_word' id='word_1_78' title='bbox 1322 1351 1473 1404; x_wconf 89' lang='lat' dir='ltr'><strong>certares</strong></span> <span class='ocrx_word' id='word_1_79' title='bbox 1495 1352 1551 1403; x_wconf 90' lang='lat' dir='ltr'><strong>est.</strong></span> <span class='ocrx_word' id='word_1_80' title='bbox 1595 1342 1671 1402; x_wconf 87' lang='lat' dir='ltr'><strong>Non</strong></span> <span class='ocrx_word' id='word_1_81' title='bbox 1757 1315 1758 1388; x_wconf 52' lang='grc' dir='ltr'>Ῐ</span> 
     </span>
     <span class='ocr_line' id='line_1_9' title="bbox 332 1439 1672 1526; baseline -0.002 -20"><span class='ocrx_word' id='word_1_82' title='bbox 332 1447 499 1506; x_wconf 81' lang='lat' dir='ltr'><strong>dubitarem</strong></span> <span class='ocrx_word' id='word_1_83' title='bbox 514 1439 713 1524; x_wconf 69' lang='grc' dir='ltr'>Ντνκομωχίδα</span> <span class='ocrx_word' id='word_1_84' title='bbox 734 1465 877 1525; x_wconf 85' lang='lat' dir='ltr'><strong>pruvera</strong></span> <span class='ocrx_word' id='word_1_85' title='bbox 897 1449 1016 1522; x_wconf 87' lang='lat' dir='ltr'><strong>habere,</strong></span> <span class='ocrx_word' id='word_1_86' title='bbox 1038 1449 1126 1508; x_wconf 90' lang='lat' dir='ltr'><strong>modo</strong></span> <span class='ocrx_word' id='word_1_87' title='bbox 1149 1450 1255 1510; x_wconf 83' lang='lat' dir='ltr'><strong>scirem</strong></span> <span class='ocrx_word' id='word_1_88' title='bbox 1277 1447 1350 1524; x_wconf 90' lang='lat' dir='ltr'><strong>quid</strong></span> <span class='ocrx_word' id='word_1_89' title='bbox 1370 1447 1517 1526; x_wconf 82' lang='lat' dir='ltr'><strong>proximis</strong></span> <span class='ocrx_word' id='word_1_90' title='bbox 1538 1446 1672 1506; x_wconf 82' lang='lat' dir='ltr'><strong>iacerem</strong></span> 
     </span>
     <span class='ocr_line' id='line_1_10' title="bbox 333 1531 1673 1626; baseline -0.003 -16"><span class='ocrx_word' id='word_1_91' title='bbox 333 1567 443 1610; x_wconf 69' lang='lat' dir='ltr'><strong>aaran.</strong></span> <span class='ocrx_word' id='word_1_92' title='bbox 486 1549 543 1608; x_wconf 86' lang='lat' dir='ltr'><strong>Est</strong></span> <span class='ocrx_word' id='word_1_93' title='bbox 566 1531 691 1626; x_wconf 66' lang='lat' dir='ltr'><strong>&#39;quidem</strong></span> <span class='ocrx_word' id='word_1_94' title='bbox 720 1539 819 1608; x_wconf 70' lang='grc' dir='ltr'>Βάτων</span> <span class='ocrx_word' id='word_1_95' title='bbox 847 1562 933 1611; x_wconf 86' lang='lat' dir='ltr'><strong>vetus</strong></span> <span class='ocrx_word' id='word_1_96' title='bbox 957 1570 1081 1626; x_wconf 89' lang='lat' dir='ltr'><strong>nomen,</strong></span> <span class='ocrx_word' id='word_1_97' title='bbox 1112 1551 1191 1611; x_wconf 89' lang='lat' dir='ltr'><strong>unde</strong></span> <span class='ocrx_word' id='word_1_98' title='bbox 1217 1561 1247 1611; x_wconf 91' lang='lat' dir='ltr'><strong>et</strong></span> <span class='ocrx_word' id='word_1_99' title='bbox 1268 1539 1359 1610; x_wconf 69' lang='grc' dir='ltr'>Βάτων</span> <span class='ocrx_word' id='word_1_100' title='bbox 1385 1557 1416 1608; x_wconf 89' lang='lat' dir='ltr'><strong>et</strong></span> <span class='ocrx_word' id='word_1_101' title='bbox 1437 1539 1514 1620; x_wconf 71' lang='grc' dir='ltr'><strong>Βᾶτη</strong></span> <span class='ocrx_word' id='word_1_102' title='bbox 1542 1550 1673 1626; x_wconf 83' lang='lat' dir='ltr'><strong>cogitari</strong></span> 
     </span>
     <span class='ocr_line' id='line_1_11' title="bbox 333 1651 1673 1732; baseline -0.003 -19"><span class='ocrx_word' id='word_1_103' title='bbox 333 1654 440 1732; x_wconf 80' lang='lat' dir='ltr'><strong>possit.</strong></span> <span class='ocrx_word' id='word_1_104' title='bbox 472 1653 552 1713; x_wconf 79' lang='lat' dir='ltr'><strong>rore</strong></span> <span class='ocrx_word' id='word_1_105' title='bbox 570 1652 716 1730; x_wconf 78' lang='lat' dir='ltr'><strong>suspicor,</strong></span> <span class='ocrx_word' id='word_1_106' title='bbox 738 1653 791 1730; x_wconf 89' lang='lat' dir='ltr'><strong>qui</strong></span> <span class='ocrx_word' id='word_1_107' title='bbox 807 1657 971 1712; x_wconf 78' lang='grc' dir='ltr'>ΝεικομΑ</span> <span class='ocrx_word' id='word_1_108' title='bbox 987 1653 1018 1713; x_wconf 84' lang='lat' dir='ltr'><strong>in</strong></span> <span class='ocrx_word' id='word_1_109' title='bbox 1035 1658 1222 1712; x_wconf 78' lang='grc' dir='ltr'>ΝεικοΛΑΝ</span> <span class='ocrx_word' id='word_1_110' title='bbox 1246 1653 1297 1729; x_wconf 78' lang='lat' dir='ltr'><strong>(cr.</strong></span> <span class='ocrx_word' id='word_1_111' title='bbox 1313 1651 1436 1712; x_wconf 78' lang='lat' dir='ltr'><strong>Lobeck</strong></span> <span class='ocrx_word' id='word_1_112' title='bbox 1450 1651 1536 1729; x_wconf 78' lang='lat' dir='ltr'><strong>pron.</strong></span> <span class='ocrx_word' id='word_1_113' title='bbox 1552 1652 1673 1730; x_wconf 73' lang='lat' dir='ltr'><strong>patrol.</strong></span> 
     </span>
     <span class='ocr_line' id='line_1_12' title="bbox 333 1753 1673 1834; baseline -0.001 -19"><span class='ocrx_word' id='word_1_114' title='bbox 333 1774 363 1833; x_wconf 88' lang='lat' dir='ltr'><strong>p.</strong></span> <span class='ocrx_word' id='word_1_115' title='bbox 382 1754 441 1815; x_wconf 83' lang='lat'><strong>130</strong></span> <span class='ocrx_word' id='word_1_116' title='bbox 463 1762 494 1814; x_wconf 89' lang='lat' dir='ltr'><strong>et</strong></span> <span class='ocrx_word' id='word_1_117' title='bbox 514 1753 588 1814; x_wconf 84' lang='lat' dir='ltr'><strong>Keil</strong></span> <span class='ocrx_word' id='word_1_118' title='bbox 610 1755 688 1815; x_wconf 87' lang='lat' dir='ltr'><strong>anal.</strong></span> <span class='ocrx_word' id='word_1_119' title='bbox 711 1755 805 1833; x_wconf 80' lang='lat' dir='ltr'><strong>epigr.</strong></span> <span class='ocrx_word' id='word_1_120' title='bbox 827 1775 858 1834; x_wconf 92' lang='lat' dir='ltr'><strong>p.</strong></span> <span class='ocrx_word' id='word_1_121' title='bbox 876 1755 949 1834; x_wconf 89' lang='grc'>161)</span> <span class='ocrx_word' id='word_1_122' title='bbox 976 1757 1084 1816; x_wconf 89' lang='lat' dir='ltr'><strong>mutari</strong></span> <span class='ocrx_word' id='word_1_123' title='bbox 1106 1757 1217 1829; x_wconf 80' lang='lat' dir='ltr'><strong>uelint,</strong></span> <span class='ocrx_word' id='word_1_124' title='bbox 1243 1757 1275 1815; x_wconf 92' lang='lat' dir='ltr'><strong>in</strong></span> <span class='ocrx_word' id='word_1_125' title='bbox 1297 1755 1421 1832; x_wconf 87' lang='lat' dir='ltr'><strong>reliquie</strong></span> <span class='ocrx_word' id='word_1_126' title='bbox 1443 1761 1541 1814; x_wconf 91' lang='lat' dir='ltr'><strong>autem</strong></span> <span class='ocrx_word' id='word_1_127' title='bbox 1565 1771 1673 1833; x_wconf 85' lang='lat' dir='ltr'><strong>snper·</strong></span> 
     </span>
    </p>
   </div>
   <div class='ocr_carea' id='block_1_5' title="bbox 333 1849 1758 2142">
    <p class='ocr_par' dir='ltr' id='par_1_5' title="bbox 333 1849 1758 2142">
     <span class='ocr_line' id='line_1_13' title="bbox 333 1849 1758 1934; baseline -0.001 -17"><span class='ocrx_word' id='word_1_128' title='bbox 333 1857 459 1918; x_wconf 77' lang='lat' dir='ltr'><strong>latinum</strong></span> <span class='ocrx_word' id='word_1_129' title='bbox 481 1856 612 1934; x_wconf 87' lang='lat' dir='ltr'><strong>aliquem</strong></span> <span class='ocrx_word' id='word_1_130' title='bbox 633 1858 727 1917; x_wconf 88' lang='lat' dir='ltr'><strong>latere</strong></span> <span class='ocrx_word' id='word_1_131' title='bbox 750 1866 903 1932; x_wconf 78' lang='lat' dir='ltr'><strong>censeant,</strong></span> <span class='ocrx_word' id='word_1_132' title='bbox 925 1859 1007 1919; x_wconf 87' lang='lat' dir='ltr'><strong>velut</strong></span> <span class='ocrx_word' id='word_1_133' title='bbox 1027 1849 1221 1917; x_wconf 74' lang='grc' dir='ltr'>κλεινοτᾶταν.</span> <span class='ocrx_word' id='word_1_134' title='bbox 1254 1859 1362 1918; x_wconf 88' lang='lat' dir='ltr'><strong>Matris</strong></span> <span class='ocrx_word' id='word_1_135' title='bbox 1382 1875 1491 1917; x_wconf 92' lang='lat' dir='ltr'><strong>nomen</strong></span> <span class='ocrx_word' id='word_1_136' title='bbox 1504 1875 1565 1915; x_wconf 92' lang='lat' dir='ltr'><strong>non</strong></span> <span class='ocrx_word' id='word_1_137' title='bbox 1580 1857 1673 1916; x_wconf 89' lang='lat' dir='ltr'><strong>nimis</strong></span> <span class='ocrx_word' id='word_1_138' title='bbox 1757 1859 1758 1878; x_wconf 66' lang='lat'>¹</span> 
     </span>
     <span class='ocr_line' id='line_1_14' title="bbox 334 1949 1758 2043; baseline -0.001 -23"><span class='ocrx_word' id='word_1_139' title='bbox 334 1960 440 2020; x_wconf 79' lang='lat' dir='ltr'><strong>audaci</strong></span> <span class='ocrx_word' id='word_1_140' title='bbox 462 1961 649 2020; x_wconf 88' lang='lat' dir='ltr'><strong>correctione</strong></span> <span class='ocrx_word' id='word_1_141' title='bbox 669 1950 786 2043; x_wconf 75' lang='grc' dir='ltr'>Πρόκλον</span> <span class='ocrx_word' id='word_1_142' title='bbox 806 1960 877 2034; x_wconf 83' lang='lat' dir='ltr'><strong>ieci3</strong></span> <span class='ocrx_word' id='word_1_143' title='bbox 899 1962 1000 2040; x_wconf 87' lang='lat' dir='ltr'><strong>possis</strong></span> <span class='ocrx_word' id='word_1_144' title='bbox 1023 1960 1111 2020; x_wconf 89' lang='lat' dir='ltr'><strong>etiam</strong></span> <span class='ocrx_word' id='word_1_145' title='bbox 1126 1949 1321 2038; x_wconf 71' lang='grc' dir='ltr'>Παέ[λ]λ[α]τ</span> <span class='ocrx_word' id='word_1_146' title='bbox 1342 1961 1402 2032; x_wconf 86' lang='lat' dir='ltr'><strong>rel,</strong></span> <span class='ocrx_word' id='word_1_147' title='bbox 1425 1961 1452 2021; x_wconf 89' lang='lat' dir='ltr'><strong>si</strong></span> <span class='ocrx_word' id='word_1_148' title='bbox 1473 1977 1491 2018; x_wconf 83' lang='lat' dir='ltr'><strong>rr</strong></span> <span class='ocrx_word' id='word_1_149' title='bbox 1511 1959 1545 2017; x_wconf 90' lang='lat' dir='ltr'><strong>in</strong></span> <span class='ocrx_word' id='word_1_150' title='bbox 1566 1977 1585 2018; x_wconf 85' lang='lat' dir='ltr'><strong>r</strong></span> <span class='ocrx_word' id='word_1_151' title='bbox 1606 1980 1674 2019; x_wconf 90' lang='lat' dir='ltr'><strong>mu·</strong></span> <span class='ocrx_word' id='word_1_152' title='bbox 1757 1979 1758 2040; x_wconf 60' lang='lat' dir='ltr'><strong>q</strong></span> 
     </span>
     <span class='ocr_line' id='line_1_15' title="bbox 335 2053 1758 2142; baseline 0 -20"><span class='ocrx_word' id='word_1_153' title='bbox 335 2071 399 2122; x_wconf 90' lang='lat' dir='ltr'><strong>tare</strong></span> <span class='ocrx_word' id='word_1_154' title='bbox 421 2062 543 2135; x_wconf 85' lang='lat' dir='ltr'><strong>audeas,</strong></span> <span class='ocrx_word' id='word_1_155' title='bbox 563 2053 763 2140; x_wconf 78' lang='lat' dir='ltr'><strong>llac[u&#39;]).[c]r.</strong></span> <span class='ocrx_word' id='word_1_156' title='bbox 801 2066 968 2122; x_wconf 77' lang='grc' dir='ltr'>Πωονλλῖνα</span> <span class='ocrx_word' id='word_1_157' title='bbox 987 2064 1020 2124; x_wconf 90' lang='lat' dir='ltr'><strong>iu</strong></span> <span class='ocrx_word' id='word_1_158' title='bbox 1042 2061 1076 2124; x_wconf 82' lang='grc' dir='ltr'><strong>Ο.</strong></span> <span class='ocrx_word' id='word_1_159' title='bbox 1092 2063 1118 2124; x_wconf 94' lang='grc' dir='ltr'><strong>Ι.</strong></span> <span class='ocrx_word' id='word_1_160' title='bbox 1135 2064 1216 2125; x_wconf 89' lang='grc'>6665</span> <span class='ocrx_word' id='word_1_161' title='bbox 1239 2073 1295 2124; x_wconf 92' lang='lat' dir='ltr'><strong>est.</strong></span> <span class='ocrx_word' id='word_1_162' title='bbox 1332 2061 1378 2124; x_wconf 82' lang='lat' dir='ltr'><strong>cf.</strong></span> <span class='ocrx_word' id='word_1_163' title='bbox 1401 2061 1620 2142; x_wconf 85' lang='lat' dir='ltr'><strong>Dittenberger</strong></span> <span class='ocrx_word' id='word_1_164' title='bbox 1642 2065 1674 2122; x_wconf 91' lang='lat' dir='ltr'><strong>in</strong></span> <span class='ocrx_word' id='word_1_165' title='bbox 1757 2067 1758 2122; x_wconf 71' lang='lat'>3</span> 
     </span>
    </p>
   </div>
   <div class='ocr_carea' id='block_1_6' title="bbox 334 2163 697 2228">
    <p class='ocr_par' dir='ltr' id='par_1_6' title="bbox 334 2163 697 2228">
     <span class='ocr_line' id='line_1_16' title="bbox 334 2163 697 2228; baseline -0.006 -2"><span class='ocrx_word' id='word_1_166' title='bbox 334 2165 467 2228; x_wconf 87' lang='lat' dir='ltr'><strong>Hermae</strong></span> <span class='ocrx_word' id='word_1_167' title='bbox 487 2165 548 2225; x_wconf 83' lang='lat' dir='ltr'><strong>rol.</strong></span> <span class='ocrx_word' id='word_1_168' title='bbox 559 2163 606 2224; x_wconf 82' lang='lat' dir='ltr'><strong>v1</strong></span> <span class='ocrx_word' id='word_1_169' title='bbox 627 2165 697 2224; x_wconf 77' lang='lat'><strong>307.</strong></span> 
     </span>
    </p>
   </div>
   <div class='ocr_carea' id='block_1_7' title="bbox 335 2257 1758 2861">
    <p class='ocr_par' dir='ltr' id='par_1_7' title="bbox 335 2257 1758 2660">
     <span class='ocr_line' id='line_1_17' title="bbox 418 2257 1673 2348; baseline -0.001 -20"><span class='ocrx_word' id='word_1_170' title='bbox 418 2267 544 2328; x_wconf 88' lang='lat' dir='ltr'><strong>Praeter</strong></span> <span class='ocrx_word' id='word_1_171' title='bbox 570 2277 708 2328; x_wconf 90' lang='lat' dir='ltr'><strong>senatum</strong></span> <span class='ocrx_word' id='word_1_172' title='bbox 737 2269 858 2348; x_wconf 87' lang='lat' dir='ltr'><strong>saepius</strong></span> <span class='ocrx_word' id='word_1_173' title='bbox 879 2277 1022 2347; x_wconf 80' lang='lat' dir='ltr'><strong>prytanea</strong></span> <span class='ocrx_word' id='word_1_174' title='bbox 1044 2257 1123 2346; x_wconf 88' lang='lat' dir='ltr'><strong>apud</strong></span> <span class='ocrx_word' id='word_1_175' title='bbox 1144 2269 1344 2346; x_wconf 85' lang='lat' dir='ltr'><strong>Mytilenaeos</strong></span> <span class='ocrx_word' id='word_1_176' title='bbox 1366 2275 1577 2327; x_wconf 89' lang='lat' dir='ltr'><strong>memorantur.</strong></span> <span class='ocrx_word' id='word_1_177' title='bbox 1623 2266 1673 2328; x_wconf 85' lang='lat' dir='ltr'><strong>Of.</strong></span> 
     </span>
     <span class='ocr_line' id='line_1_18' title="bbox 336 2367 1758 2451; baseline -0.004 -18"><span class='ocrx_word' id='word_1_178' title='bbox 336 2370 478 2451; x_wconf 88' lang='lat' dir='ltr'><strong>Sapphus</strong></span> <span class='ocrx_word' id='word_1_179' title='bbox 504 2369 663 2430; x_wconf 85' lang='lat' dir='ltr'><strong>fr.139B.</strong></span> <span class='ocrx_word' id='word_1_180' title='bbox 707 2369 790 2446; x_wconf 79' lang='lat' dir='ltr'><strong>Quot</strong></span> <span class='ocrx_word' id='word_1_181' title='bbox 815 2371 941 2446; x_wconf 80' lang='lat' dir='ltr'><strong>luerint,</strong></span> <span class='ocrx_word' id='word_1_182' title='bbox 970 2372 1154 2450; x_wconf 86' lang='lat' dir='ltr'><strong>ignoramus.</strong></span> <span class='ocrx_word' id='word_1_183' title='bbox 1197 2371 1354 2432; x_wconf 87' lang='lat' dir='ltr'><strong>Publiciae</strong></span> <span class='ocrx_word' id='word_1_184' title='bbox 1380 2391 1434 2449; x_wconf 90' lang='lat' dir='ltr'><strong>per</strong></span> <span class='ocrx_word' id='word_1_185' title='bbox 1462 2378 1555 2430; x_wconf 88' lang='lat' dir='ltr'><strong>totam</strong></span> <span class='ocrx_word' id='word_1_186' title='bbox 1577 2371 1673 2429; x_wconf 79' lang='lat' dir='ltr'><strong>vitam</strong></span> <span class='ocrx_word' id='word_1_187' title='bbox 1757 2367 1758 2388; x_wconf 65' lang='lat'>¹</span> 
     </span>
     <span class='ocr_line' id='line_1_19' title="bbox 335 2463 1674 2556; baseline -0.004 -21"><span class='ocrx_word' id='word_1_188' title='bbox 335 2476 386 2535; x_wconf 81' lang='lat' dir='ltr'><strong>hio</strong></span> <span class='ocrx_word' id='word_1_189' title='bbox 406 2475 504 2534; x_wconf 85' lang='lat' dir='ltr'><strong>honor</strong></span> <span class='ocrx_word' id='word_1_190' title='bbox 524 2473 675 2547; x_wconf 84' lang='lat' dir='ltr'><strong>tribuitur,</strong></span> <span class='ocrx_word' id='word_1_191' title='bbox 697 2473 773 2532; x_wconf 80' lang='lat' dir='ltr'><strong>alius</strong></span> <span class='ocrx_word' id='word_1_192' title='bbox 795 2475 862 2550; x_wconf 79' lang='lat' dir='ltr'><strong>quis</strong></span> <span class='ocrx_word' id='word_1_193' title='bbox 886 2472 935 2551; x_wconf 83' lang='lat' dir='ltr'><strong>(G.</strong></span> <span class='ocrx_word' id='word_1_194' title='bbox 951 2473 977 2533; x_wconf 89' lang='lat' dir='ltr'><strong>I.</strong></span> <span class='ocrx_word' id='word_1_195' title='bbox 994 2473 1089 2552; x_wconf 76' lang='lat'>2189)</span> <span class='ocrx_word' id='word_1_196' title='bbox 1109 2469 1163 2532; x_wconf 71' lang='lat' dir='ltr'><strong>adv</strong></span> <span class='ocrx_word' id='word_1_197' title='bbox 1183 2464 1327 2544; x_wconf 71' lang='grc' dir='ltr'>ἐπώνυμον</span> <span class='ocrx_word' id='word_1_198' title='bbox 1349 2469 1410 2531; x_wconf 73' lang='lat' dir='ltr'><strong>eiad</strong></span> <span class='ocrx_word' id='word_1_199' title='bbox 1431 2463 1581 2540; x_wconf 66' lang='grc' dir='ltr'><strong>βασιλέων</strong></span> <span class='ocrx_word' id='word_1_200' title='bbox 1601 2495 1674 2556; x_wconf 78' lang='grc' dir='ltr'>πρυ·</span> 
     </span>
     <span class='ocr_line' id='line_1_20' title="bbox 336 2567 1512 2660; baseline -0.006 -22"><span class='ocrx_word' id='word_1_201' title='bbox 336 2571 453 2648; x_wconf 71' lang='grc' dir='ltr'>τανηῖαν</span> <span class='ocrx_word' id='word_1_202' title='bbox 474 2577 605 2656; x_wconf 74' lang='lat' dir='ltr'><strong>gerebat.</strong></span> <span class='ocrx_word' id='word_1_203' title='bbox 894 2651 897 2660; x_wconf 37' lang='grc'>1</span> <span class='ocrx_word' id='word_1_204' title='bbox 1508 2567 1512 2579; x_wconf 70' lang='grc'><strong>’</strong></span> 
     </span>
    </p>

    <p class='ocr_par' dir='ltr' id='par_1_8' title="bbox 338 2669 1758 2861">
     <span class='ocr_line' id='line_1_21' title="bbox 421 2669 1675 2759; baseline -0.001 -20"><span class='ocrx_word' id='word_1_205' title='bbox 421 2677 564 2740; x_wconf 79' lang='lat' dir='ltr'><strong>Ceterum</strong></span> <span class='ocrx_word' id='word_1_206' title='bbox 589 2697 628 2738; x_wconf 88' lang='lat' dir='ltr'><strong>ex</strong></span> <span class='ocrx_word' id='word_1_207' title='bbox 653 2669 829 2736; x_wconf 74' lang='grc' dir='ltr'>Ποντλωιῖων</span> <span class='ocrx_word' id='word_1_208' title='bbox 856 2681 1005 2759; x_wconf 86' lang='lat' dir='ltr'><strong>scriptura</strong></span> <span class='ocrx_word' id='word_1_209' title='bbox 1031 2679 1111 2758; x_wconf 90' lang='lat' dir='ltr'><strong>quod</strong></span> <span class='ocrx_word' id='word_1_210' title='bbox 1137 2679 1260 2757; x_wconf 83' lang='lat' dir='ltr'><strong>aliquod</strong></span> <span class='ocrx_word' id='word_1_211' title='bbox 1287 2678 1395 2739; x_wconf 85' lang='lat' dir='ltr'><strong>aetatis</strong></span> <span class='ocrx_word' id='word_1_212' title='bbox 1422 2678 1502 2738; x_wconf 92' lang='lat' dir='ltr'><strong>tituli</strong></span> <span class='ocrx_word' id='word_1_213' title='bbox 1527 2677 1675 2738; x_wconf 90' lang='lat' dir='ltr'><strong>indicium</strong></span> 
     </span>
     <span class='ocr_line' id='line_1_22' title="bbox 338 2779 1758 2861; baseline 0 -19"><span class='ocrx_word' id='word_1_214' title='bbox 338 2783 446 2844; x_wconf 88' lang='lat' dir='ltr'><strong>ducere</strong></span> <span class='ocrx_word' id='word_1_215' title='bbox 473 2799 653 2860; x_wconf 89' lang='lat' dir='ltr'><strong>possumus,</strong></span> <span class='ocrx_word' id='word_1_216' title='bbox 679 2780 902 2860; x_wconf 82' lang='lat' dir='ltr'><strong>Dittenbergari</strong></span> <span class='ocrx_word' id='word_1_217' title='bbox 931 2801 1024 2861; x_wconf 89' lang='lat' dir='ltr'><strong>opera</strong></span> <span class='ocrx_word' id='word_1_218' title='bbox 1049 2783 1163 2842; x_wconf 88' lang='lat' dir='ltr'><strong>factum</strong></span> <span class='ocrx_word' id='word_1_219' title='bbox 1189 2792 1250 2856; x_wconf 91' lang='lat' dir='ltr'><strong>est,</strong></span> <span class='ocrx_word' id='word_1_220' title='bbox 1280 2782 1372 2860; x_wconf 90' lang='lat' dir='ltr'><strong>quil.</strong></span> <span class='ocrx_word' id='word_1_221' title='bbox 1395 2799 1419 2842; x_wconf 86' lang='lat' dir='ltr'><strong>s.</strong></span> <span class='ocrx_word' id='word_1_222' title='bbox 1442 2799 1466 2841; x_wconf 85' lang='lat' dir='ltr'><strong>a.</strong></span> <span class='ocrx_word' id='word_1_223' title='bbox 1488 2779 1673 2858; x_wconf 76' lang='lat' dir='ltr'><strong>p.287sqq.</strong></span> <span class='ocrx_word' id='word_1_224' title='bbox 1757 2837 1758 2842; x_wconf 73' lang='grc'>,</span> 
     </span>
    </p>
   </div>
   <div class='ocr_carea' id='block_1_8' title="bbox 338 2875 1676 3151">
    <p class='ocr_par' dir='ltr' id='par_1_9' title="bbox 338 2875 1676 3151">
     <span class='ocr_line' id='line_1_23' title="bbox 338 2875 1676 2962; baseline -0.001 -18"><span class='ocrx_word' id='word_1_225' title='bbox 338 2885 378 2944; x_wconf 88' lang='lat' dir='ltr'><strong>ad</strong></span> <span class='ocrx_word' id='word_1_226' title='bbox 405 2886 525 2944; x_wconf 85' lang='lat' dir='ltr'><strong>tertium</strong></span> <span class='ocrx_word' id='word_1_227' title='bbox 553 2902 650 2962; x_wconf 90' lang='lat' dir='ltr'><strong>usque</strong></span> <span class='ocrx_word' id='word_1_228' title='bbox 676 2902 707 2960; x_wconf 90' lang='lat' dir='ltr'><strong>p.</strong></span> <span class='ocrx_word' id='word_1_229' title='bbox 730 2881 801 2944; x_wconf 82' lang='lat' dir='ltr'><strong>Chr.</strong></span> <span class='ocrx_word' id='word_1_230' title='bbox 829 2903 859 2944; x_wconf 90' lang='lat' dir='ltr'><strong>n.</strong></span> <span class='ocrx_word' id='word_1_231' title='bbox 885 2885 1038 2945; x_wconf 87' lang='lat' dir='ltr'><strong>saeculum</strong></span> <span class='ocrx_word' id='word_1_232' title='bbox 1064 2875 1190 2948; x_wconf 74' lang='grc' dir='ltr'>Πέπλως</span> <span class='ocrx_word' id='word_1_233' title='bbox 1216 2903 1324 2944; x_wconf 89' lang='lat' dir='ltr'><strong>nomen</strong></span> <span class='ocrx_word' id='word_1_234' title='bbox 1346 2883 1475 2962; x_wconf 85' lang='lat' dir='ltr'><strong>indeque</strong></span> <span class='ocrx_word' id='word_1_235' title='bbox 1496 2901 1573 2960; x_wconf 86' lang='lat' dir='ltr'><strong>quae</strong></span> <span class='ocrx_word' id='word_1_236' title='bbox 1594 2883 1676 2942; x_wconf 89' lang='lat' dir='ltr'><strong>deri·</strong></span> 
     </span>
     <span class='ocr_line' id='line_1_24' title="bbox 339 2985 1674 3076; baseline -0.001 -28"><span class='ocrx_word' id='word_1_237' title='bbox 339 2995 458 3060; x_wconf 87' lang='lat' dir='ltr'><strong>vantur,</strong></span> <span class='ocrx_word' id='word_1_238' title='bbox 483 3005 544 3046; x_wconf 91' lang='lat' dir='ltr'><strong>non</strong></span> <span class='ocrx_word' id='word_1_239' title='bbox 572 3007 603 3044; x_wconf 81' lang='grc' dir='ltr'><strong>νυ</strong></span> <span class='ocrx_word' id='word_1_240' title='bbox 626 2986 828 3066; x_wconf 84' lang='lat' dir='ltr'><strong>diphthongo,</strong></span> <span class='ocrx_word' id='word_1_241' title='bbox 856 2988 910 3048; x_wconf 88' lang='lat' dir='ltr'><strong>sed</strong></span> <span class='ocrx_word' id='word_1_242' title='bbox 937 2988 1064 3067; x_wconf 89' lang='lat' dir='ltr'><strong>simplici</strong></span> <span class='ocrx_word' id='word_1_243' title='bbox 1092 3011 1105 3076; x_wconf 85' lang='lat' dir='ltr'><strong>c</strong></span> <span class='ocrx_word' id='word_1_244' title='bbox 1128 2988 1227 3048; x_wconf 85' lang='lat' dir='ltr'><strong>vocali</strong></span> <span class='ocrx_word' id='word_1_245' title='bbox 1254 2987 1367 3064; x_wconf 81' lang='lat' dir='ltr'><strong>scrIpta</strong></span> <span class='ocrx_word' id='word_1_246' title='bbox 1392 2987 1601 3064; x_wconf 87' lang='lat' dir='ltr'><strong>praevaluisse</strong></span> <span class='ocrx_word' id='word_1_247' title='bbox 1623 2985 1674 3046; x_wconf 89' lang='lat' dir='ltr'><strong>de·</strong></span> 
     </span>
     <span class='ocr_line' id='line_1_25' title="bbox 339 3089 529 3151; baseline 0 -1"><span class='ocrx_word' id='word_1_248' title='bbox 339 3089 529 3151; x_wconf 86' lang='lat' dir='ltr'><strong>monstrarit.</strong></span> 
     </span>
    </p>
   </div>
   <div class='ocr_carea' id='block_1_9' title="bbox 339 3397 1676 3562">
    <p class='ocr_par' dir='ltr' id='par_1_10' title="bbox 339 3397 1676 3562">
     <span class='ocr_line' id='line_1_26' title="bbox 339 3397 1676 3479; baseline -0.003 -19"><span class='ocrx_word' id='word_1_249' title='bbox 339 3401 380 3460; x_wconf 93' lang='lat'><strong>11.</strong></span> <span class='ocrx_word' id='word_1_250' title='bbox 415 3400 516 3459; x_wconf 87' lang='lat' dir='ltr'><strong>Priori</strong></span> <span class='ocrx_word' id='word_1_251' title='bbox 537 3399 625 3459; x_wconf 91' lang='lat' dir='ltr'><strong>titulo</strong></span> <span class='ocrx_word' id='word_1_252' title='bbox 645 3399 688 3460; x_wconf 86' lang='lat' dir='ltr'><strong>ita</strong></span> <span class='ocrx_word' id='word_1_253' title='bbox 710 3398 909 3472; x_wconf 88' lang='lat' dir='ltr'><strong>continuatur,</strong></span> <span class='ocrx_word' id='word_1_254' title='bbox 931 3407 964 3458; x_wconf 92' lang='lat' dir='ltr'><strong>ut</strong></span> <span class='ocrx_word' id='word_1_255' title='bbox 985 3397 1118 3460; x_wconf 84' lang='lat' dir='ltr'><strong>eiusdem</strong></span> <span class='ocrx_word' id='word_1_256' title='bbox 1140 3399 1291 3479; x_wconf 84' lang='lat' dir='ltr'><strong>particula</strong></span> <span class='ocrx_word' id='word_1_257' title='bbox 1311 3399 1433 3460; x_wconf 84' lang='lat' dir='ltr'><strong>habitus</strong></span> <span class='ocrx_word' id='word_1_258' title='bbox 1456 3416 1522 3460; x_wconf 84' lang='lat' dir='ltr'><strong>esse</strong></span> <span class='ocrx_word' id='word_1_259' title='bbox 1537 3397 1676 3458; x_wconf 87' lang='lat' dir='ltr'><strong>rideatur</strong></span> 
     </span>
     <span class='ocr_line' id='line_1_27' title="bbox 382 3501 954 3562; baseline 0 0"><span class='ocrx_word' id='word_1_260' title='bbox 382 3522 437 3562; x_wconf 90' lang='lat' dir='ltr'><strong>nec</strong></span> <span class='ocrx_word' id='word_1_261' title='bbox 458 3521 537 3562; x_wconf 85' lang='lat' dir='ltr'><strong>novo</strong></span> <span class='ocrx_word' id='word_1_262' title='bbox 559 3503 699 3562; x_wconf 88' lang='lat' dir='ltr'><strong>lemmate</strong></span> <span class='ocrx_word' id='word_1_263' title='bbox 719 3501 883 3562; x_wconf 85' lang='lat' dir='ltr'><strong>adornatus</strong></span> <span class='ocrx_word' id='word_1_264' title='bbox 906 3501 954 3562; x_wconf 87' lang='lat' dir='ltr'><strong>sit.</strong></span> 
     </span>
    </p>
   </div>
   <div class='ocr_carea' id='block_1_10' title="bbox 730 3689 1275 4106">
    <p class='ocr_par' dir='ltr' id='par_1_11' title="bbox 730 3689 1275 4002">
     <span class='ocr_line' id='line_1_28' title="bbox 730 3689 1233 3791; baseline 0.004 -21"><span class='ocrx_word' id='word_1_265' title='bbox 730 3707 792 3770; x_wconf 78' lang='lat' dir='ltr'><strong>Tciv</strong></span> <span class='ocrx_word' id='word_1_266' title='bbox 813 3713 939 3791; x_wconf 64' lang='grc' dir='ltr'><strong>γυναῖκα</strong></span> <span class='ocrx_word' id='word_1_267' title='bbox 959 3714 1001 3772; x_wconf 70' lang='lat' dir='ltr'><strong>roi</strong></span> <span class='ocrx_word' id='word_1_268' title='bbox 1022 3689 1170 3780; x_wconf 67' lang='grc' dir='ltr'>Σεβᾶττω</span> <span class='ocrx_word' id='word_1_269' title='bbox 1193 3703 1233 3772; x_wconf 67' lang='lat' dir='ltr'><strong>vd·</strong></span> 
     </span>
     <span class='ocr_line' id='line_1_29' title="bbox 731 3804 1275 3893; baseline 0.007 -19"><span class='ocrx_word' id='word_1_270' title='bbox 731 3839 765 3874; x_wconf 83' lang='grc' dir='ltr'><strong>αν</strong></span> <span class='ocrx_word' id='word_1_271' title='bbox 787 3806 863 3872; x_wconf 65' lang='grc' dir='ltr'><strong>θέαν</strong></span> <span class='ocrx_word' id='word_1_272' title='bbox 885 3809 931 3893; x_wconf 79' lang='grc' dir='ltr'><strong>[ἆ]</strong></span> <span class='ocrx_word' id='word_1_273' title='bbox 952 3804 1053 3880; x_wconf 51' lang='lat' dir='ltr'><strong>fidicina</strong></span> <span class='ocrx_word' id='word_1_274' title='bbox 1073 3805 1123 3873; x_wconf 67' lang='lat' dir='ltr'><strong>aad</strong></span> <span class='ocrx_word' id='word_1_275' title='bbox 1145 3811 1159 3874; x_wconf 74' lang='grc' dir='ltr'>ὅ</span> <span class='ocrx_word' id='word_1_276' title='bbox 1183 3810 1275 3888; x_wconf 64' lang='grc' dir='ltr'>δᾶμος</span> 
     </span>
     <span class='ocr_line' id='line_1_30' title="bbox 731 3908 1139 4002; baseline 0.002 -27"><span class='ocrx_word' id='word_1_277' title='bbox 731 3908 895 3984; x_wconf 67' lang='grc' dir='ltr'><strong>Σεβάσταν</strong></span> <span class='ocrx_word' id='word_1_278' title='bbox 917 3909 1139 4002; x_wconf 67' lang='grc' dir='ltr'>γυμνασῖαρχον</span> 
     </span>
    </p>

    <p class='ocr_par' dir='ltr' id='par_1_12' title="bbox 732 4013 1242 4106">
     <span class='ocr_line' id='line_1_31' title="bbox 732 4013 1242 4106; baseline -0.004 -27"><span class='ocrx_word' id='word_1_279' title='bbox 732 4015 771 4079; x_wconf 82' lang='grc' dir='ltr'><strong>δι’</strong></span> <span class='ocrx_word' id='word_1_280' title='bbox 793 4018 894 4081; x_wconf 66' lang='lat' dir='ltr'><strong>aidane</strong></span> <span class='ocrx_word' id='word_1_281' title='bbox 912 4013 1033 4078; x_wconf 66' lang='grc' dir='ltr'>Ἰουλίαν</span> <span class='ocrx_word' id='word_1_282' title='bbox 1053 4013 1242 4106; x_wconf 75' lang='grc' dir='ltr'>Ἀγριππῖνων</span> 
     </span>
    </p>
   </div>
   <div class='ocr_carea' id='block_1_11' title="bbox 341 4231 1676 4521">
    <p class='ocr_par' dir='ltr' id='par_1_13' title="bbox 341 4223 1758 4521">
     <span class='ocr_line' id='line_1_32' title="bbox 341 4231 1675 4314; baseline -0.004 -16"><span class='ocrx_word' id='word_1_283' title='bbox 341 4237 380 4298; x_wconf 89' lang='lat' dir='ltr'><strong>V.</strong></span> <span class='ocrx_word' id='word_1_284' title='bbox 393 4235 411 4296; x_wconf 78' lang='lat'><strong>2</strong></span> <span class='ocrx_word' id='word_1_285' title='bbox 428 4235 552 4296; x_wconf 87' lang='lat' dir='ltr'><strong>articulo</strong></span> <span class='ocrx_word' id='word_1_286' title='bbox 567 4235 681 4295; x_wconf 90' lang='lat' dir='ltr'><strong>inserto</strong></span> <span class='ocrx_word' id='word_1_287' title='bbox 695 4251 773 4314; x_wconf 89' lang='lat' dir='ltr'><strong>opus</strong></span> <span class='ocrx_word' id='word_1_288' title='bbox 788 4239 841 4294; x_wconf 89' lang='lat' dir='ltr'><strong>eat.</strong></span> <span class='ocrx_word' id='word_1_289' title='bbox 853 4267 894 4276; x_wconf 93' lang='lat'>—</span> <span class='ocrx_word' id='word_1_290' title='bbox 914 4231 1046 4294; x_wconf 87' lang='lat' dir='ltr'><strong>Similem</strong></span> <span class='ocrx_word' id='word_1_291' title='bbox 1063 4234 1220 4294; x_wconf 89' lang='lat' dir='ltr'><strong>verborum</strong></span> <span class='ocrx_word' id='word_1_292' title='bbox 1236 4235 1369 4294; x_wconf 88' lang='lat' dir='ltr'><strong>ordinem</strong></span> <span class='ocrx_word' id='word_1_293' title='bbox 1384 4234 1478 4293; x_wconf 88' lang='lat' dir='ltr'><strong>habes</strong></span> <span class='ocrx_word' id='word_1_294' title='bbox 1494 4231 1528 4293; x_wconf 85' lang='lat' dir='ltr'><strong>O.</strong></span> <span class='ocrx_word' id='word_1_295' title='bbox 1541 4233 1565 4293; x_wconf 92' lang='lat' dir='ltr'><strong>I.</strong></span> <span class='ocrx_word' id='word_1_296' title='bbox 1579 4233 1675 4294; x_wconf 86' lang='lat'>5904:</span> 
     </span>
     <span class='ocr_line' id='line_1_33' title="bbox 341 4325 1676 4421; baseline -0.003 -25"><span class='ocrx_word' id='word_1_297' title='bbox 341 4335 391 4412; x_wconf 75' lang='grc' dir='ltr'><strong>τήν</strong></span> <span class='ocrx_word' id='word_1_298' title='bbox 413 4330 457 4398; x_wconf 68' lang='lat' dir='ltr'><strong>iri</strong></span> <span class='ocrx_word' id='word_1_299' title='bbox 479 4327 559 4416; x_wconf 68' lang='grc' dir='ltr'><strong>πάσῃ</strong></span> <span class='ocrx_word' id='word_1_300' title='bbox 582 4333 668 4421; x_wconf 71' lang='grc' dir='ltr'>ἀρετῇ</span> <span class='ocrx_word' id='word_1_301' title='bbox 688 4326 867 4420; x_wconf 72' lang='grc' dir='ltr'>τωφροΙσ-ὗνῃ</span> <span class='ocrx_word' id='word_1_302' title='bbox 889 4358 920 4392; x_wconf 86' lang='grc' dir='ltr'><strong>τε</strong></span> <span class='ocrx_word' id='word_1_303' title='bbox 941 4325 989 4393; x_wconf 62' lang='grc' dir='ltr'><strong>καὶ</strong></span> <span class='ocrx_word' id='word_1_304' title='bbox 1011 4329 1101 4415; x_wconf 65' lang='grc' dir='ltr'><strong><em>σοφίᾳ</em></strong></span> <span class='ocrx_word' id='word_1_305' title='bbox 1124 4327 1345 4421; x_wconf 64' lang='lat' dir='ltr'><strong>&amp;carpinonis-ccv</strong></span> <span class='ocrx_word' id='word_1_306' title='bbox 1364 4329 1485 4394; x_wconf 64' lang='grc' dir='ltr'>Ἰουλίαν</span> <span class='ocrx_word' id='word_1_307' title='bbox 1506 4325 1676 4394; x_wconf 50' lang='lat' dir='ltr'><strong>Boia-relico</strong></span> 
     </span>
     <span class='ocr_line' id='line_1_34' title="bbox 344 4429 1676 4521; baseline -0.007 -21"><span class='ocrx_word' id='word_1_308' title='bbox 344 4439 440 4520; x_wconf 91' lang='lat' dir='ltr'><strong>(quod</strong></span> <span class='ocrx_word' id='word_1_309' title='bbox 460 4459 573 4500; x_wconf 90' lang='lat' dir='ltr'><strong>nomen</strong></span> <span class='ocrx_word' id='word_1_310' title='bbox 591 4447 702 4502; x_wconf 87' lang='lat' dir='ltr'><strong>temere</strong></span> <span class='ocrx_word' id='word_1_311' title='bbox 723 4439 847 4520; x_wconf 82' lang='lat' dir='ltr'><strong>corrigit</strong></span> <span class='ocrx_word' id='word_1_312' title='bbox 860 4437 974 4516; x_wconf 85' lang='lat' dir='ltr'><strong>Franz)</strong></span> <span class='ocrx_word' id='word_1_313' title='bbox 996 4430 1092 4510; x_wconf 74' lang='grc' dir='ltr'>βουλὴ</span> <span class='ocrx_word' id='word_1_314' title='bbox 1110 4441 1115 4518; x_wconf 80' lang='lat' dir='ltr'><strong>l</strong></span> <span class='ocrx_word' id='word_1_315' title='bbox 1131 4429 1179 4497; x_wconf 76' lang='lat' dir='ltr'><strong>nai</strong></span> <span class='ocrx_word' id='word_1_316' title='bbox 1203 4433 1290 4510; x_wconf 72' lang='grc' dir='ltr'>δῆμος</span> <span class='ocrx_word' id='word_1_317' title='bbox 1312 4441 1361 4512; x_wconf 75' lang='grc' dir='ltr'><strong>τῆς</strong></span> <span class='ocrx_word' id='word_1_318' title='bbox 1382 4440 1517 4521; x_wconf 77' lang='grc' dir='ltr'>λαμπρᾶς</span> <span class='ocrx_word' id='word_1_319' title='bbox 1531 4429 1676 4517; x_wconf 54' lang='lat' dir='ltr'><strong>[nimine</strong></span> 
     </span>
    </p>
   </div>
   <div class='ocr_carea' id='block_1_12' title="bbox 344 4531 1067 4630">
    <p class='ocr_par' dir='ltr' id='par_1_14' title="bbox 344 4531 1067 4630">
     <span class='ocr_line' id='line_1_35' title="bbox 344 4531 1067 4630; baseline -0.006 -28"><span class='ocrx_word' id='word_1_320' title='bbox 344 4545 556 4630; x_wconf 69' lang='grc' dir='ltr'><strong>Ταυρομενιτῶν</strong></span> <span class='ocrx_word' id='word_1_321' title='bbox 578 4533 765 4624; x_wconf 54' lang='lat' dir='ltr'><strong>riade-radiaco</strong></span> <span class='ocrx_word' id='word_1_322' title='bbox 786 4535 837 4614; x_wconf 68' lang='grc' dir='ltr'><strong>τῆν</strong></span> <span class='ocrx_word' id='word_1_323' title='bbox 858 4531 1067 4626; x_wconf 64' lang='grc' dir='ltr'>λαμπροτάτην.</span> 
     </span>
    </p>
   </div>
   <div class='ocr_carea' id='block_1_13' title="bbox 342 4631 1758 5343">
    <p class='ocr_par' dir='ltr' id='par_1_15' title="bbox 342 4631 1758 5343">
     <span class='ocr_line' id='line_1_36' title="bbox 427 4631 1758 4726; baseline -0.001 -22"><span class='ocrx_word' id='word_1_324' title='bbox 427 4645 507 4706; x_wconf 91' lang='lat' dir='ltr'><strong>Iulia</strong></span> <span class='ocrx_word' id='word_1_325' title='bbox 528 4645 698 4726; x_wconf 82' lang='lat' dir='ltr'><strong>Agrippina</strong></span> <span class='ocrx_word' id='word_1_326' title='bbox 724 4679 763 4688; x_wconf 96' lang='lat'><em>-</em></span> <span class='ocrx_word' id='word_1_327' title='bbox 793 4643 838 4703; x_wconf 89' lang='lat' dir='ltr'><strong>sic</strong></span> <span class='ocrx_word' id='word_1_328' title='bbox 859 4641 1029 4702; x_wconf 84' lang='lat' dir='ltr'><strong>nominatur</strong></span> <span class='ocrx_word' id='word_1_329' title='bbox 1050 4642 1124 4704; x_wconf 87' lang='lat' dir='ltr'><strong>Tac.</strong></span> <span class='ocrx_word' id='word_1_330' title='bbox 1146 4646 1226 4704; x_wconf 88' lang='lat' dir='ltr'><strong>Ann.</strong></span> <span class='ocrx_word' id='word_1_331' title='bbox 1245 4643 1340 4703; x_wconf 85' lang='lat' dir='ltr'>XIII</span> <span class='ocrx_word' id='word_1_332' title='bbox 1364 4675 1406 4690; x_wconf 91' lang='grc'><strong>-</strong></span> <span class='ocrx_word' id='word_1_333' title='bbox 1428 4663 1506 4703; x_wconf 85' lang='lat' dir='ltr'><strong>anno</strong></span> <span class='ocrx_word' id='word_1_334' title='bbox 1529 4653 1601 4721; x_wconf 89' lang='lat' dir='ltr'><strong>post</strong></span> <span class='ocrx_word' id='word_1_335' title='bbox 1620 4646 1676 4704; x_wconf 90' lang='lat' dir='ltr'><strong>ini·</strong></span> <span class='ocrx_word' id='word_1_336' title='bbox 1757 4631 1758 4638; x_wconf 32' lang='lat'>¹</span> 
     </span>
     <span class='ocr_line' id='line_1_37' title="bbox 343 4745 1758 4826; baseline -0.006 -15"><span class='ocrx_word' id='word_1_337' title='bbox 343 4761 405 4811; x_wconf 89' lang='lat' dir='ltr'><strong>tum</strong></span> <span class='ocrx_word' id='word_1_338' title='bbox 434 4768 501 4808; x_wconf 89' lang='lat' dir='ltr'><strong>cum</strong></span> <span class='ocrx_word' id='word_1_339' title='bbox 528 4749 709 4825; x_wconf 86' lang='lat' dir='ltr'><strong>imperatore</strong></span> <span class='ocrx_word' id='word_1_340' title='bbox 738 4745 865 4808; x_wconf 77' lang='lat' dir='ltr'><strong>Claudio</strong></span> <span class='ocrx_word' id='word_1_341' title='bbox 890 4745 1113 4806; x_wconf 86' lang='lat' dir='ltr'><strong>matrimonium</strong></span> <span class='ocrx_word' id='word_1_342' title='bbox 1138 4749 1296 4826; x_wconf 86' lang='lat' dir='ltr'><strong>Augustae</strong></span> <span class='ocrx_word' id='word_1_343' title='bbox 1322 4765 1430 4807; x_wconf 90' lang='lat' dir='ltr'><strong>nomen</strong></span> <span class='ocrx_word' id='word_1_344' title='bbox 1456 4748 1574 4824; x_wconf 88' lang='lat' dir='ltr'><strong>accepit</strong></span> <span class='ocrx_word' id='word_1_345' title='bbox 1600 4757 1675 4807; x_wconf 86' lang='lat' dir='ltr'><strong>teste</strong></span> <span class='ocrx_word' id='word_1_346' title='bbox 1757 4799 1758 4802; x_wconf 74' lang='grc'>,</span> 
     </span>
     <span class='ocr_line' id='line_1_38' title="bbox 342 4839 1758 4928; baseline -0.006 -14"><span class='ocrx_word' id='word_1_347' title='bbox 342 4852 451 4914; x_wconf 63' lang='lat' dir='ltr'><strong>,Tacito</strong></span> <span class='ocrx_word' id='word_1_348' title='bbox 473 4852 553 4910; x_wconf 85' lang='lat' dir='ltr'><strong>Anu.</strong></span> <span class='ocrx_word' id='word_1_349' title='bbox 576 4851 642 4911; x_wconf 86' lang='grc' dir='ltr'><strong>ΧΠ</strong></span> <span class='ocrx_word' id='word_1_350' title='bbox 658 4849 713 4924; x_wconf 78' lang='lat'><strong>26,</strong></span> <span class='ocrx_word' id='word_1_351' title='bbox 742 4857 924 4928; x_wconf 86' lang='lat' dir='ltr'><strong>quapropter</strong></span> <span class='ocrx_word' id='word_1_352' title='bbox 946 4869 973 4908; x_wconf 90' lang='lat' dir='ltr'><strong>a.</strong></span> <span class='ocrx_word' id='word_1_353' title='bbox 989 4849 1028 4908; x_wconf 86' lang='grc'><strong>49</strong></span> <span class='ocrx_word' id='word_1_354' title='bbox 1051 4867 1113 4908; x_wconf 91' lang='lat' dir='ltr'><strong>non</strong></span> <span class='ocrx_word' id='word_1_355' title='bbox 1134 4849 1287 4927; x_wconf 87' lang='lat' dir='ltr'><strong>antiquior</strong></span> <span class='ocrx_word' id='word_1_356' title='bbox 1308 4859 1355 4909; x_wconf 89' lang='lat' dir='ltr'><strong>est</strong></span> <span class='ocrx_word' id='word_1_357' title='bbox 1377 4849 1490 4911; x_wconf 90' lang='lat' dir='ltr'><strong>titulus.</strong></span> <span class='ocrx_word' id='word_1_358' title='bbox 1533 4839 1590 4908; x_wconf 76' lang='lat' dir='ltr'><strong>Na&#39;a</strong></span> <span class='ocrx_word' id='word_1_359' title='bbox 1612 4839 1676 4907; x_wconf 63' lang='lat' dir='ltr'><strong>&amp;aa</strong></span> <span class='ocrx_word' id='word_1_360' title='bbox 1757 4859 1758 4862; x_wconf 74' lang='grc'>’</span> 
     </span>
     <span class='ocr_line' id='line_1_39' title="bbox 343 4951 1758 5034; baseline -0.003 -20"><span class='ocrx_word' id='word_1_361' title='bbox 343 4956 425 5034; x_wconf 88' lang='lat' dir='ltr'><strong>quod</strong></span> <span class='ocrx_word' id='word_1_362' title='bbox 447 4953 623 5032; x_wconf 86' lang='lat' dir='ltr'><strong>appellatur,</strong></span> <span class='ocrx_word' id='word_1_363' title='bbox 645 4953 715 5012; x_wconf 89' lang='lat' dir='ltr'><strong>hine</strong></span> <span class='ocrx_word' id='word_1_364' title='bbox 735 4952 773 5012; x_wconf 89' lang='lat' dir='ltr'><strong>de</strong></span> <span class='ocrx_word' id='word_1_365' title='bbox 793 4953 866 5012; x_wconf 91' lang='lat' dir='ltr'><strong>certi</strong></span> <span class='ocrx_word' id='word_1_366' title='bbox 886 4951 1041 5012; x_wconf 85' lang='lat' dir='ltr'><strong>cuiusdam</strong></span> <span class='ocrx_word' id='word_1_367' title='bbox 1063 4951 1195 5011; x_wconf 77' lang='lat' dir='ltr'><strong>numicis</strong></span> <span class='ocrx_word' id='word_1_368' title='bbox 1216 4951 1360 5028; x_wconf 80' lang='lat' dir='ltr'><strong>religione</strong></span> <span class='ocrx_word' id='word_1_369' title='bbox 1377 4953 1509 5029; x_wconf 85' lang='lat' dir='ltr'><strong>cogitare</strong></span> <span class='ocrx_word' id='word_1_370' title='bbox 1524 4959 1675 5024; x_wconf 73' lang='lat' dir='ltr'><strong>vetamur,</strong></span> <span class='ocrx_word' id='word_1_371' title='bbox 1757 5025 1758 5030; x_wconf 9' lang='grc' dir='ltr'>ρ</span> 
     </span>
     <span class='ocr_line' id='line_1_40' title="bbox 344 5051 1758 5137; baseline -0.001 -21"><span class='ocrx_word' id='word_1_372' title='bbox 344 5075 526 5137; x_wconf 89' lang='lat' dir='ltr'><strong>quamquam</strong></span> <span class='ocrx_word' id='word_1_373' title='bbox 548 5075 626 5128; x_wconf 87' lang='lat' dir='ltr'><strong>cum,</strong></span> <span class='ocrx_word' id='word_1_374' title='bbox 647 5065 680 5116; x_wconf 85' lang='lat' dir='ltr'><strong>ut</strong></span> <span class='ocrx_word' id='word_1_375' title='bbox 702 5064 796 5115; x_wconf 88' lang='lat' dir='ltr'><strong>mater</strong></span> <span class='ocrx_word' id='word_1_376' title='bbox 817 5055 898 5131; x_wconf 88' lang='lat' dir='ltr'><strong>apud</strong></span> <span class='ocrx_word' id='word_1_377' title='bbox 914 5055 1113 5132; x_wconf 81' lang='lat' dir='ltr'><strong>Mytilenaeas</strong></span> <span class='ocrx_word' id='word_1_378' title='bbox 1129 5051 1248 5114; x_wconf 85' lang='lat' dir='ltr'><strong>Cereris</strong></span> <span class='ocrx_word' id='word_1_379' title='bbox 1269 5055 1390 5114; x_wconf 90' lang='lat' dir='ltr'><strong>nomine</strong></span> <span class='ocrx_word' id='word_1_380' title='bbox 1404 5054 1568 5126; x_wconf 90' lang='lat' dir='ltr'><strong>colebatur,</strong></span> <span class='ocrx_word' id='word_1_381' title='bbox 1589 5055 1634 5113; x_wconf 90' lang='lat' dir='ltr'><strong>ita</strong></span> <span class='ocrx_word' id='word_1_382' title='bbox 1647 5064 1676 5114; x_wconf 89' lang='lat' dir='ltr'><strong>et</strong></span> <span class='ocrx_word' id='word_1_383' title='bbox 1757 5099 1758 5106; x_wconf 68' lang='lat'><strong>.</strong></span> 
     </span>
     <span class='ocr_line' id='line_1_41' title="bbox 343 5156 1758 5239; baseline -0.005 -18"><span class='ocrx_word' id='word_1_384' title='bbox 343 5163 412 5239; x_wconf 88' lang='lat' dir='ltr'><strong>ipsa</strong></span> <span class='ocrx_word' id='word_1_385' title='bbox 440 5159 503 5219; x_wconf 83' lang='lat' dir='ltr'><strong>filia</strong></span> <span class='ocrx_word' id='word_1_386' title='bbox 531 5159 561 5217; x_wconf 91' lang='lat' dir='ltr'><strong>in</strong></span> <span class='ocrx_word' id='word_1_387' title='bbox 590 5159 793 5235; x_wconf 88' lang='lat' dir='ltr'><strong>compluribus</strong></span> <span class='ocrx_word' id='word_1_388' title='bbox 823 5167 853 5216; x_wconf 90' lang='lat' dir='ltr'><strong>et</strong></span> <span class='ocrx_word' id='word_1_389' title='bbox 879 5177 1019 5217; x_wconf 90' lang='lat' dir='ltr'><strong>romanae</strong></span> <span class='ocrx_word' id='word_1_390' title='bbox 1048 5166 1077 5217; x_wconf 87' lang='lat' dir='ltr'><strong>et</strong></span> <span class='ocrx_word' id='word_1_391' title='bbox 1104 5165 1246 5216; x_wconf 82' lang='lat' dir='ltr'><strong>externae</strong></span> <span class='ocrx_word' id='word_1_392' title='bbox 1274 5156 1398 5234; x_wconf 86' lang='lat' dir='ltr'><strong>originis</strong></span> <span class='ocrx_word' id='word_1_393' title='bbox 1426 5157 1556 5216; x_wconf 88' lang='lat' dir='ltr'><strong>nummis</strong></span> <span class='ocrx_word' id='word_1_394' title='bbox 1585 5165 1675 5234; x_wconf 88' lang='lat' dir='ltr'><strong>caput</strong></span> <span class='ocrx_word' id='word_1_395' title='bbox 1757 5177 1758 5182; x_wconf 48' lang='lat'>¹</span> 
     </span>
     <span class='ocr_line' id='line_1_42' title="bbox 344 5257 1758 5343; baseline -0.006 -19"><span class='ocrx_word' id='word_1_396' title='bbox 344 5263 436 5342; x_wconf 89' lang='lat' dir='ltr'><strong>spicis</strong></span> <span class='ocrx_word' id='word_1_397' title='bbox 455 5261 626 5323; x_wconf 86' lang='lat' dir='ltr'><strong>obvelatum</strong></span> <span class='ocrx_word' id='word_1_398' title='bbox 641 5261 751 5322; x_wconf 88' lang='lat' dir='ltr'><strong>habeat</strong></span> <span class='ocrx_word' id='word_1_399' title='bbox 773 5257 826 5336; x_wconf 89' lang='lat' dir='ltr'><strong>(cf.</strong></span> <span class='ocrx_word' id='word_1_400' title='bbox 837 5259 959 5343; x_wconf 68' lang='lat' dir='ltr'><strong>=Eclrhel</strong></span> <span class='ocrx_word' id='word_1_401' title='bbox 973 5259 1018 5319; x_wconf 90' lang='lat' dir='ltr'><strong>VI</strong></span> <span class='ocrx_word' id='word_1_402' title='bbox 1034 5259 1104 5320; x_wconf 79' lang='lat'><strong>257.</strong></span> <span class='ocrx_word' id='word_1_403' title='bbox 1122 5257 1207 5336; x_wconf 80' lang='lat'><strong>259),</strong></span> <span class='ocrx_word' id='word_1_404' title='bbox 1229 5259 1308 5318; x_wconf 90' lang='lat' dir='ltr'><strong>haud</strong></span> <span class='ocrx_word' id='word_1_405' title='bbox 1323 5260 1469 5320; x_wconf 87' lang='lat' dir='ltr'><strong>absonum</strong></span> <span class='ocrx_word' id='word_1_406' title='bbox 1484 5267 1564 5319; x_wconf 86' lang='lat' dir='ltr'><strong>esset</strong></span> <span class='ocrx_word' id='word_1_407' title='bbox 1578 5259 1675 5338; x_wconf 89' lang='lat' dir='ltr'><strong>suspi-</strong></span> <span class='ocrx_word' id='word_1_408' title='bbox 1757 5259 1758 5340; x_wconf 43' lang='grc' dir='ltr'>ᾗ</span> 
     </span>
    </p>
   </div>
   <div class='ocr_carea' id='block_1_14' title="bbox 0 0 1793 6012">
    <p class='ocr_par' dir='ltr' id='par_1_16' title="bbox 0 0 1793 6012">
     <span class='ocr_line' id='line_1_43' title="bbox 0 0 1793 6012; baseline 0 0"><span class='ocrx_word' id='word_1_409' title='bbox 0 0 1793 6012; x_wconf 95' lang='lat' dir='ltr'><strong> </strong></span> 
     </span>
    </p>
   </div>
  </div>
 </body>
</html>
