3520 6006
818 709 891 717 ...a-
1217 709 1360 717 ...—....—.-.
1398 712 1404 716 .
1420 711 1438 717 .-

399 603 745 660 cosmnnr'urrouns
762 607 1039 659 nereosrnrcus
1057 607 1160 660 runs.
1368 587 1440 659 179

146 783 175 842 G.
190 782 248 841 sius
267 781 298 841 G.
319 781 362 858 (o.
377 782 427 858 16)
450 788 479 839 et
499 780 606 839 Latine
628 781 748 853 Sillim,
771 779 864 840 Silius
888 781 1051 858 (Monimo,
1074 782 1153 842 Lu.
1171 782 1266 858 Neop.
1288 783 1347 840 ind.
1369 799 1442 840 nom.

144 891 188 943 cir.
208 885 331 960 etmel),
353 903 420 944 cum
441 892 512 942 nota
533 884 735 960 praenominis
759 882 831 943 Osci
858 883 979 944 Gaaor'r's
1001 885 1090 944 etiam
1117 883 1209 944 Guov.
1233 885 1386 943 scribatur.

143 1093 189 1154 ⁵4.
226 1091 379 1172 Signaculo
406 1095 555 1172 impresso
579 1093 696 1172 tegulae
725 1093 833 1154 litteris
855 1095 886 1153 in
915 1095 1018 1155 circuli
1045 1095 1161 1154 dimidii
1188 1095 1314 1154 formam
1342 1095 1443 1172 dispo·

176 1197 246 1258 sitis:

473 1336 522 1406 vl'l
537 1386 545 1405 .
561 1331 677 1430 ire(.)
779 1409 782 1422 ,
831 1350 889 1412 Vo.
903 1351 1032 1412 Trebius
1044 1352 1085 1430 (I)

209 1527 280 1588 Dedi
300 1529 428 1600 litteras,
450 1527 553 1606 quales
568 1546 608 1588 ex
623 1525 764 1588 Schoenii
787 1537 895 1605 ectypo
911 1527 987 1588 meis
1001 1527 1096 1588 oculis
1112 1535 1272 1607 apparent3
1295 1527 1349 1586 sed
1371 1546 1444 1606 apo-

138 1632 265 1710 graphum
281 1631 336 1690 viri
352 1630 518 1690 doctissimi
540 1631 599 1689 iam
614 1639 703 1689 antee
724 1630 796 1690 mibi
811 1632 934 1690 missum
951 1630 1055 1690 habet:
1078 1631 1109 1688 id
1120 1673 1127 1688 .
1140 1641 1194 1704 tue,
1217 1632 1295 1690 unde
1317 1629 1362 1690 sic
1383 1631 1444 1689 edi·

138 1735 175 1792 dit
192 1735 272 1792 etium
296 1735 439 1804 Febrem,
465 1731 497 1791 G.
513 1733 539 1790 I.
554 1731 623 1790 Ital.
645 1752 674 1792 o.
693 1731 795 1804 2823,
824 1735 862 1807 cs.
881 1732 1023 1802 Eoderis,
1047 1733 1188 1791 Formenl.
1212 1735 1263 1791 der
1286 1733 1355 1792 oss.
1376 1732 1443 1809 Spr.

138 1835 230 1895 XLII.
246 1835 368 1905 XLIII,
384 1836 427 1894 112
468 1834 579 1913 Ectypi
600 1837 760 1894 auctoritas
783 1835 975 1894 confirmetur
996 1834 1086 1894 etiam
1108 1835 1167 1894 ulia
1188 1835 1381 1914 inscriptione
1403 1843 1445 1892 te-

137 1940 228 2016 gulae:
248 1938 332 1997 Delu.
349 1937 403 1996 Ibe
424 1935 568 2012 (storeis,
591 1935 670 1994 Mon.
694 1941 783 2014 epipr.
799 1937 900 2013 Pomp.
914 1937 956 2010 X,
973 1937 1019 2009 13,
1031 1937 1056 1994 b.
1075 1957 1108 2014 p.
1123 1938 1171 1996 12.
1215 1936 1359 2012 Momms,
1380 1937 1444 1996 Unt.

136 2041 210 2099 Dial.
230 2050 248 2100 t.
262 2040 304 2112 X,
319 2041 366 2108 28,
380 2037 418 2113 c),
440 2039 483 2097 ita
504 2047 537 2097 ut
558 2038 588 2095 in
612 2047 736 2116 utreque
758 2039 860 2116 tegula
884 2039 950 2098 Tre.
973 2057 1081 2099 nomen
1103 2038 1212 2117 gentile
1233 2039 1317 2116 figuli
1339 2039 1445 2098 Prebiis

137 2142 289 2218 significare
303 2142 448 2224 videatur.
480 2141 590 2217 Itaque
611 2140 709 2198 Iacere
725 2159 785 2198 non
807 2157 977 2216 possumus,
999 2143 1071 2218 quin
1093 2149 1261 2200 statuemus
1282 2149 1368 2200 notes
1389 2141 1446 2200 boc

137 2263 231 2302 nomen
256 2243 465 2320 praecedentes
487 2242 538 2302 Vel.
563 2248 592 2300 et
612 2241 687 2301 ner.
709 2242 933 2320 praenominum
955 2261 1037 2316 esse,
1064 2244 1201 2318 quamvis
1228 2243 1258 2302 in
1280 2243 1348 2302 aliis
1378 2244 1446 2302 titu-

135 2346 168 2404 lis
182 2346 264 2406 Oscis
286 2365 345 2404 non
366 2345 554 2421 reperiantur
576 2344 771 2422 praenomina
787 2345 924 2404 omnibus
946 2345 1054 2404 litteris
1069 2346 1191 2422 scripta,
1213 2364 1377 2422 quaecum
1399 2345 1446 2403 his

136 2451 205 2508 notis
225 2456 396 2526 congruant.

1038 2587 1442 2598 ———...—-—

138 2655 185 2716 55.
227 2657 386 2736 signaculo
407 2613 557 2736 impresso
578 2657 694 2734 tegulae
716 2657 853 2717 inventae
875 2659 923 2716 die
948 2658 984 2716 17
1001 2658 1074 2718 Maii
1094 2680 1121 2720 a.
1140 2658 1233 2719 1870:

428 2829 498 2904 dell
513 2887 521 2903 .
536 2839 575 2948 tt}
591 2886 598 2902 .
616 2887 624 2902 .
642 2886 650 2902 .
836 2849 982 2936 Decimus
1004 2850 1164 2912 Terentius
1177 2850 1219 2927 (i)

208 3046 254 3104 Ex
280 3044 454 3124 apographo
481 3044 518 3102 ab
541 3041 577 3102 E.
600 3041 703 3102 Bririo
730 3050 853 3121 accepto
879 3041 973 3101 edidit
995 3043 1135 3117 Fabretri,
1158 3043 1247 3102 Prim.
1269 3046 1365 3122 suppl.
1388 3057 1446 3106 ont

135 3149 192 3206 iser.
212 3149 247 3204 It.
269 3167 297 3206 n.
312 3147 387 3206 502.
431 3145 514 3204 Nota
540 3145 744 3223 praenominis
770 3145 853 3222 figuli
874 3145 949 3203 Delc.
973 3144 1082 3204 collato
1103 3147 1249 3205 vocabulo
1272 3144 1354 3208 Osco
1382 3149 1447 3206 delc-

134 3250 303 3308 menn-tosa
325 3247 494 3326 supplenda
517 3248 647 3306 videtur:
677 3247 865 3323 Dek(mo-s),
890 3256 921 3306 et
946 3265 1011 3306 cum
1036 3265 1143 3306 nomen
1169 3247 1281 3324 gentile
1305 3249 1449 3308 Terentius

135 3351 205 3410 band
225 3371 290 3410 raro
313 3353 457 3428 scriptum
480 3351 521 3408 sit
540 3349 572 3410 in
586 3349 679 3408 titulis
693 3349 906 3427 Pompeiorum
921 3349 1040 3407 LatInis
1061 3348 1111 3424 (C.
1127 3349 1235 3408 I.Lat.
1252 3351 1309 3422 IV,
1327 3371 1360 3428 p.
1375 3352 1448 3423 232,

137 3473 156 3512 r.
176 3454 223 3530 2),
246 3454 382 3514 conicere
407 3453 478 3512 licet
503 3452 617 3512 litteras
643 3452 698 3510 Te.
713 3495 740 3510 ..
768 3451 799 3509 in
827 3452 928 3528 tegula
954 3469 1061 3510 nomen
1085 3450 1196 3511 Oscum
1219 3453 1376 3513 *Terentiis
1403 3455 1449 3512 in·

137 3555 234 3616 dicare.

138 3761 185 3823 56.
226 3765 388 3845 Signaculo
410 3766 559 3842 impressa
580 3765 712 3844 tegulae:

483 3951 507 4024 d
523 3961 563 4024 .b
881 3969 1026 4030 Decimus
1046 3969 1083 4028 T.

210 4166 358 4242 Ectypurn
380 4163 462 4223 misit
482 4161 518 4222 n„
535 4159 680 4222 Schoene.
724 4161 773 4220 Ex
795 4161 930 4220 eiusdem
953 4162 1125 4239 apographo
1148 4161 1194 4220 ed.
1214 4161 1350 4234 Fabrettt)
1376 4162 1450 4222 (Η.

139 4263 198 4325 Ital.
213 4267 350 4340 282u,a.
393 4265 511 4326 Nomen
536 4263 618 4342 figuli
639 4264 816 4342 Pompeiani
837 4263 965 4322 fueritne
987 4263 1110 4336 neoto,
1133 4282 1172 4322 an
1191 4263 1363 4338 *Tmectiio
1391 4283 1451 4324 non

138 4365 230 4445 liquet.

140 4574 187 4638 57.
228 4579 390 4658 Signacnlo
412 4579 560 4656 impressa
581 4579 699 4657 tegulae
721 4577 859 4636 inventae
881 4577 929 4636 die
951 4577 970 4635 4
994 4575 1180 4655 Septembris
1202 4595 1229 4634 a.
1248 4576 1341 4636 1869:

486 4763 509 4836 d
526 4773 566 4837 ,ἰ
883 4782 1028 4842 Decimus
1050 4781 1087 4841 Τ.

212 4973 259 5032 Ex
281 4975 458 5053 apographo
479 4975 517 5034 ab
540 4973 575 5034 E.
598 4973 700 5034 Brizio
723 4923 817 5034 misso
839 4973 885 5034 ed.
907 4973 1048 5047 Fabrcttr',
1071 4972 1161 5032 Prim.
1184 4971 1281 5050 suppl.
1303 4981 1361 5032 cot.
1385 4975 1452 5032 icor.

142 5073 201 5134 Ital.
221 5095 248 5136 n.
263 5077 334 5138 503.
410 5085 411 5088 ’
