3520 6006
338 637 411 712 162
923 658 1101 712 οοιιεειιιιε

333 831 384 892 13.
427 831 555 892 Lamina
574 833 674 893 fictilis
697 833 790 892 stelae
811 833 921 908 forma,
945 833 981 903 in
1008 832 1102 892 altera
1128 843 1214 909 perte
1243 833 1310 911 apri
1338 832 1438 910 effigie
1459 833 1605 903 decorate,
1623 833 1651 891 in

375 935 471 994 altera
501 935 597 995 tribus
632 935 814 996 ornamentis
846 935 884 994 ad
916 935 1023 995 florum
1054 935 1281 995 similitudinem
1307 935 1476 1011 expressis,
1514 935 1653 1010 utrimque
1755 913 1756 946 Τ

375 1037 529 1114 inscripto,
556 1037 678 1098 inventa
704 1038 747 1097 ne'
769 1039 859 1113 sondi
884 1039 931 1097 del
951 1041 1005 1114 sip.
1032 1038 1185 1097 Patiorelli
1211 1038 1269 1096 alle
1294 1035 1386 1110 Curti,
1414 1056 1464 1096 oce
1490 1037 1653 1096 eetotdcocsi
1746 1032 1756 1038 '⁴

375 1141 496 1200 t’antico
511 1140 621 1217 Capua,
643 1159 705 1200 non
726 1141 819 1200 multo
840 1148 910 1200 ante
931 1140 1009 1200 diem
1038 1140 1177 1200 lmensis
1201 1139 1342 1200 Octobris
1364 1139 1504 1214 a1873‚
1527 1157 1602 1199 nunc
1625 1141 1653 1199 io
1750 1179 1756 1213 p

377 1259 481 1302 museo
511 1239 674 1320 Capuano:

588 1517 730 1593 minieis
750 1577 758 1592 .
778 1518 962 1594 kolsilliels
982 1574 990 1590 .
1009 1519 1179 1593 minatels
1199 1574 1208 1591 .
1226 1517 1383 1616 ner(um)

589 1640 675 1714 ekas
695 1699 703 1713 .
722 1636 853 1715 iuvilas
874 1697 882 1715 .
901 1640 999 1715 idvei
1018 1698 1027 1714 .
1045 1639 1171 1740 flagiui

640 1743 779 1819 stahint

460 1901 490 1960 b.
512 1901 545 1961 in
565 1901 660 1960 ultera
680 1911 766 1979 parte
787 1903 852 1980 apri
874 1902 974 1980 effigie
995 1911 1115 1962 ornata:

590 2035 760 2112 minnieis
780 2095 788 2110 .
807 2036 991 2113 kaisillieis
1011 2037 1204 2114 ‚minateis
1223 2097 1232 2112 .
1252 2039 1403 2138 ner(um)

587 2159 674 2239 ekas
695 2217 703 2232 .
723 2159 855 2246 iuyilas
875 2217 882 2233 .
902 2159 1000 2234 idvei
1021 2219 1029 2234 .
1048 2159 1200 2260 flagiut.
1223 2161 1363 2237 stahint

547 2317 643 2389 Minii,
665 2315 805 2391 Caisillii,
827 2319 950 2378 Minatis
966 2319 1111 2378 nobilium

545 2422 602 2479 hae
624 2416 762 2480 iurantes
784 2437 833 2480 res
856 2420 1011 2498 (deliciae)
1033 2422 1099 2482 Iovi
1120 2421 1314 2502 Fulguratori
1336 2431 1417 2482 stent
1438 2419 1581 2498 (sacrae).

416 2557 518 2617 Edidit
550 2567 579 2616 et
610 2559 825 2634 interpretatus
854 2569 901 2618 eat
931 2559 1147 2630 LMincmiai,
1179 2560 1318 2619 Bullatia.
1352 2560 1430 2618 della
1467 2555 1659 2617 commerata
1755 2575 1756 2580 ¹

334 2657 512 2718 Concavata
544 2660 575 2717 dt
610 2661 699 2719 Terra
731 2661 763 2718 di
794 2657 926 2733 Lepore,
963 2660 1072 2720 Torreat
1101 2661 1149 2720 del
1176 2665 1193 2721 1
1227 2661 1317 2721 Otiob.
1344 2662 1436 2734 1873,
1464 2681 1499 2738 p.
1528 2660 1577 2719 99.
1600 2660 1658 2718 10⁰.
1755 2693 1756 2696 =

331 2763 469 2838 Apparet
488 2761 520 2819 in
541 2769 669 2838 utroque
690 2761 783 2822 latere
797 2763 925 2822 laminae
940 2763 988 2822 vel
1003 2763 1096 2823 stelae
1111 2765 1213 2823 eadem
1230 2765 1321 2824 verba
1336 2761 1418 2822 Osca
1438 2763 1516 2840 legi,
1539 2781 1659 2839 quorum
1755 2781 1756 2790 ¹

332 2861 391 2921 duo
413 2865 511 2941 prima
532 2865 695 2940 scriptione
721 2883 757 2924 eo
780 2865 936 2938 differunt,
966 2867 1047 2942 quod
1073 2865 1170 2925 altera
1189 2885 1260 2944 pars
1287 2866 1377 2925 habet
1398 2865 1518 2924 Minicio
1540 2874 1571 2922 et
1592 2863 1661 2922 Kai-

332 2965 443 3038 cillieis,
476 2964 572 3024 altera
598 2967 733 3026 Munitis
766 2975 795 3026 et
821 2967 993 3026 Kaioillieia.
1037 2964 1089 3027 Sic
1116 2986 1209 3046 snpra
1236 2969 1367 3028 vidimus
1395 2969 1521 3027 eandem
1550 2966 1661 3026 dedica

333 3067 425 3125 tionis
446 3067 607 3128 formulam
628 3067 742 3129 Oscam
763 3069 810 3129 bis
832 3070 972 3147 scriptam
995 3087 1063 3129 esse
1084 3071 1115 3128 in
1137 3069 1250 3129 lamina
1270 3071 1356 3129 fictili
1377 3068 1524 3146 Capuana
1544 3069 1587 3146 (a.
1602 3067 1660 3143 10).

336 3167 468 3230 Genitiri
490 3171 642 3230 nominum
665 3171 784 3231 Minicio
800 3171 977 3249 (Minnieia),
999 3171 1162 3232 Kaisillieis
1177 3172 1370 3249 (Kaisillieta)
1392 3173 1526 3231 ciusdem
1549 3172 1662 3249 generis
1755 3217 1756 3224 ,

333 3279 402 3330 sunt
423 3290 458 3330 ac
482 3271 613 3332 Mitnieis
636 3273 678 3349 (n.
701 3275 745 3350 5),
771 3275 938 3344 Niumaieio,
963 3273 1145 3347 Meelikiieia,
1173 3275 1374 3346 lumbeca-icis,
1400 3286 1507 3334 contra
1528 3275 1662 3333 Maecia

331 3374 494 3450 respondet
515 3375 656 3454 genitivis
679 3375 885 3449 Liolonoteio,
907 3377 1103 3449 Hercntoteie,
1125 3387 1156 3436 et
1176 3395 1284 3436 nomen
1311 3377 1423 3456 gentile
1449 3387 1496 3436 est
1518 3375 1663 3454 particula

333 3479 388 3534 -ati
409 3475 510 3536 adfixa
530 3476 705 3552 formatum,
733 3479 834 3556 qualia
860 3485 890 3537 et
910 3479 1114 3538 Romanorum
1140 3488 1171 3538 et
1199 3479 1394 3538 Etruscorum
1421 3479 1519 3540 fuisse
1546 3487 1662 3539 constet

332 3575 438 3655 (Orell.
464 3579 557 3639 Iacer.
584 3581 674 3640 Heca
702 3581 765 3654 III,
786 3601 817 3656 p.
838 3581 906 3642 243.
949 3581 1093 3653 ricemer,
1127 3581 1244 3653 Quccet.
1272 3601 1361 3642 enom.
1384 3601 1417 3658 p.
1444 3581 1493 3640 18.
1525 3581 1560 3640 0.
1588 3580 1660 3639 Krit.

331 3679 424 3740 Beitr.
452 3701 482 3758 p.
508 3683 582 3742 565.
607 3683 675 3742 566.
709 3680 741 3740 C.
770 3681 900 3759 Spracle
931 3685 981 3742 der
1002 3683 1195 3755 EtrualcerI,
1221 3684 1284 3745 294
1311 3704 1353 3761 aq.
1382 3683 1470 3760 298).
1514 3681 1661 3760 Ner(cm)‚

333 3782 414 3858 qnod
436 3803 497 3844 non
518 3783 664 3863 integrum
686 3801 754 3844 esse
777 3786 919 3862 scriptum
942 3785 1018 3844 vidit
1039 3785 1208 3858 Minerrini,
1230 3787 1372 3864 supplevi
1393 3806 1410 3845 e
1432 3786 1567 3865 genitivo
1589 3787 1661 3864 plur.

331 3903 429 3944 cerum
465 3886 586 3945 tabulae
612 3887 759 3946 Bantinos
789 3887 828 3963 (o.
853 3886 900 3946 29.
928 3886 995 3963 31),
1028 3907 1116 3964 quem
1148 3889 1328 3966 comparatis
1361 3886 1545 3947 Umbrorum
1579 3888 1662 3946 huius

331 3987 473 4046 vocabuli
500 3988 619 4047 casibus
646 3991 729 4064 ner-f
750 4007 812 4049 acc.
839 3989 914 4067 plur.
942 3999 972 4048 et
997 4008 1094 4048 cer-ac
1120 3989 1179 4048 dat
1207 3991 1285 4067 plur.
1313 3990 1517 4050 demonstrari
1544 3990 1662 4068 proprie

334 4089 503 4168 significare
521 4092 660 4165 sortium,
692 4092 761 4151 inde
787 4091 939 4163 nobilium,
968 4094 1134 4169 principum
1156 4092 1250 4169 (Z.s.
1272 4093 1360 4169 cerpl.
1384 4091 1453 4169 Spr.
1485 4092 1518 4152 V.
1540 4093 1602 4152 117
1621 4111 1662 4168 aq.

333 4192 369 4266 ef.
397 4190 562 4265 Minereini,
590 4193 609 4251 l.
637 4193 687 4270 a).
739 4191 823 4252 Eleos
852 4193 958 4252 iacilac
988 4203 1058 4253 sunt
1083 4194 1260 4254 nominativi
1287 4194 1365 4272 plur.
1393 4195 1461 4253 fem.
1488 4203 1522 4253 ut
1551 4194 1660 4264 ekae-lc,

332 4311 412 4366 asae,
424 4299 551 4372 acrisiae,
563 4296 704 4372 quoniam
719 4296 882 4355 accusativi
895 4297 971 4374 plur.
984 4296 1118 4355 eiusdem
1129 4297 1336 4356 declinationis
1349 4297 1443 4368 elcese,
1465 4299 1545 4356 oiaas
1556 4304 1664 4356 exeunt

335 4396 368 4454 in
390 4414 428 4456 as.
471 4397 579 4474 ltaque
600 4399 707 4458 incitas
722 4399 941 4458 substantivum
957 4399 1137 4476 comparatis
1151 4399 1252 4460 verbis
1273 4398 1392 4458 Latinis
1414 4401 1494 4458 iocct
1515 4397 1662 4475 (delectet)

333 4505 364 4556 et
375 4499 515 4558 iucundus
528 4501 708 4578 interpretor
721 4519 768 4560 res
782 4503 919 4575 iocantes,
941 4520 987 4560 res
1001 4503 1151 4574 iucundae,
1171 4499 1291 4560 deliciae
1305 4495 1500 4584 (χαριστήρια,
1508 4490 1663 4573 κειμήλια),

335 4617 413 4677 quae
435 4601 575 4662 videlicet
596 4622 615 4661 a
636 4603 787 4662 nobilibus
810 4601 962 4680 Capuanis
984 4603 1015 4662 in
1037 4603 1126 4662 titulo
1148 4603 1307 4662 nominatis
1321 4603 1387 4661 Iovi
1408 4602 1565 4662 dedicatae
1587 4608 1662 4661 sunt.

332 4703 416 4762 Irivei
436 4704 560 4782 Flapici
590 4706 704 4782 optima
724 4705 840 4764 ratione
860 4705 886 4764 Ι.
908 4705 1069 4764 Minervini
1090 4705 1254 4782 explicavit
1274 4703 1338 4763 Iovi
1360 4703 1567 4782 Polycratem,
1600 4722 1663 4762 cnm

333 4823 498 4882 cognomen
524 4807 572 4866 dei
600 4807 721 4884 Flapiut
749 4809 881 4868 eiusdem
910 4807 1013 4884 stirpis
1040 4808 1082 4868 sit
1108 4818 1140 4866 ut
1166 4805 1342 4866 Latinorum
1368 4809 1513 4884 stuprare,
1538 4805 1662 4882 supere,

326 4907 441 4985 sulpur,
456 4909 570 4987 scalper,
594 4908 779 4971 Graecorum
795 4901 924 4988 φλὲγειν,
946 4899 1029 4990 φλόξ
1044 4908 1094 4986 (C.
1112 4909 1438 4987 Auaepr.II,154.ed.
1456 4909 1500 4986 2).
1523 4907 1663 4984 Denique

333 5010 442 5070 ctaiint
462 5033 498 5062 =
528 5021 602 5072 stent
632 5013 837 5072 coniunctivus
869 5023 917 5071 est
948 5011 1082 5072 eiusdem
1113 5011 1232 5090 generis
1275 5031 1311 5071 ac
1332 5015 1402 5071 stait
1422 5035 1457 5062 =
1478 5021 1539 5081 stet,
1562 5011 1663 5079 mouit,

333 5113 455 5186 daveid,
489 5131 508 5171 a
539 5118 624 5174 stoici
655 5139 692 5165 =
726 5123 798 5174 stent
830 5113 922 5174 simili
954 5114 1069 5173 ratione
1100 5115 1238 5173 diversus
1270 5121 1303 5172 ut
1333 5111 1442 5172 Latine
1474 5117 1532 5171 tint
1553 5131 1574 5170 a
1594 5115 1664 5171 sicat

334 5212 385 5292 (G.
408 5215 535 5292 Accepr.
558 5217 586 5288 I,
606 5217 674 5276 352.
690 5217 763 5276 728.
787 5219 830 5276 cd.
853 5218 880 5277 2.
924 5216 1036 5276 Ender.
1060 5217 1206 5276 Formenl.
1230 5219 1258 5275 d.
1284 5215 1353 5275 Oclc.
1371 5215 1440 5292 Spr.
1458 5233 1490 5291 p.
1506 5213 1572 5290 32).
1596 5211 1662 5288 Quo

334 5318 425 5378 verbo
448 5317 522 5378 Osci
554 5325 678 5378 utuntur
707 5321 739 5378 in
771 5318 968 5380 dedicationis
999 5319 1146 5393 formulis,
1178 5327 1212 5377 ut
1241 5316 1350 5378 Umbri
1382 5317 1485 5378 eodem
1512 5316 1606 5376 verbo
1632 5315 1661 5373 in
