3520 6006
314 624 384 695 182
879 645 1060 698 coussmr:

396 817 488 875 Cam·
511 820 546 893 Os
563 817 607 876 the
627 816 679 876 Gr.
702 823 774 876 coin.
790 819 866 878 Brit.
882 818 963 878 Mus.
978 819 1049 878 Ital.
1067 818 1178 895 p.121,
1199 837 1229 876 n.
1247 821 1274 876 7.
1318 817 1418 876 Huius
1440 819 1551 877 nummi
1575 819 1630 876 duo

309 917 406 976 adhuc
428 919 613 994 exemplaris
633 923 838 994 innotuerunt,
866 939 992 996 qnorum
1015 921 1138 979 alterum
1160 923 1192 977 in
1214 931 1366 996 segmento
1392 925 1526 996 posticae
1546 921 1632 978 bubet
1737 901 1738 966 i

309 1019 437 1079 litteras:
461 1022 609 1096 daguinum
629 1039 684 1094 νᾳ.
700 1021 704 1096 Ι
718 1067 724 1080 .
738 1043 796 1094 an,
818 1023 958 1082 alterum:
982 1027 1127 1100 .e9oinum
1147 1041 1183 1080 ra
1196 1066 1202 1079 .
1217 1023 1221 1098 Ι
1236 1041 1331 1094 anm,
1353 1027 1396 1080 itu
1408 1033 1517 1093 tomen,
1538 1033 1570 1079 ut
1590 1022 1632 1080 ul·
1689 1091 1696 1102 ,

309 1125 383 1180 timo
403 1122 504 1181 littero
524 1143 584 1183 nou
606 1129 686 1182 omni
713 1123 895 1184 dubitatione
922 1133 1062 1202 exempta
1088 1129 1127 1182 sit
1153 1123 1299 1200 (suriest,
1327 1124 1396 1183 Osk.
1419 1124 1518 1183 Mona.
1541 1134 1559 1182 t.
1576 1125 1631 1194 IV,
1735 1119 1736 1130 ¹

310 1224 385 1284 Noc.
403 1225 433 1298 2,
451 1245 484 1301 p.
502 1224 554 1297 22,
571 1225 591 1283 2
606 1225 673 1302 sq.).
706 1225 771 1284 Iam
786 1245 856 1284 vero
878 1237 1050 1304 comparato
1069 1230 1166 1284 musei
1180 1224 1346 1285 Britannici
1368 1226 1541 1304 exemplari,
1562 1245 1632 1302 quo-

309 1329 390 1384 niam
411 1345 458 1384 nm
480 1326 594 1386 detritis
615 1339 667 1386 out
685 1333 805 1388 omissis
821 1329 998 1405 quibusdem
1020 1331 1084 1406 typi
1105 1329 1292 1386 lineamentis
1314 1329 1401 1387 facile
1423 1347 1464 1386 ex
1484 1347 1550 1386 cum
1571 1347 1632 1387 cor-

309 1433 408 1504 rumpi
436 1439 567 1504 poteret‚
595 1435 628 1489 in
652 1431 700 1489 his
722 1432 860 1490 omuibus
887 1435 1016 1490 nummis
1038 1431 1155 1488 videtur
1176 1435 1319 1507 scriptum
1341 1431 1449 1490 inisse:
1477 1431 1633 1507 Deyoiucm

310 1533 513 1604 Ro..oncm,
542 1536 584 1590 ita
606 1543 638 1590 ut
658 1532 707 1590 hic
727 1532 889 1592 babeamus
910 1533 970 1590 duo
991 1537 1139 1608 genitivos
1164 1531 1293 1608 pluralis
1314 1533 1447 1591 eiusdem
1469 1538 1583 1609 generis
1603 1541 1633 1590 ut

310 1633 493 1692 Novioritum
516 1633 736 1710 (Ncnkirinum)
751 1633 963 1711 Alusaternum.
999 1633 1075 1693 Illos
1091 1650 1164 1693 vero
1186 1639 1332 1710 genitivos
1354 1635 1394 1692 ud
1409 1632 1552 1694 Castores
1572 1655 1632 1713 per·

309 1739 417 1808 tinere,
441 1740 497 1794 viri
519 1741 562 1794 rei
584 1737 769 1796 nummariae
790 1741 877 1814 periti
899 1755 959 1796 uon
981 1745 1090 1795 temere
1111 1741 1313 1808 coniecerunt,
1336 1737 1542 1796 demonstrare
1564 1735 1632 1794 diffi-

311 1839 367 1898 cile
382 1850 436 1912 est,
458 1839 552 1899 donec
574 1840 727 1917 exemplar
747 1839 861 1898 nummi
883 1859 950 1898 cum
971 1840 1089 1916 integro
1108 1843 1300 1915 inscriptione
1321 1842 1353 1898 iu
1367 1839 1462 1899 iucem
1485 1839 1632 1916 prodierit.

840 2507 1111 2572 SURRENTUM.

313 2677 370 2738 66.
393 2679 548 2755 Amphora
567 2679 689 2738 inventu
713 2679 745 2736 in
780 2677 846 2738 Vico
870 2677 1005 2755 Equencc
1031 2681 1123 2738 vicino
1152 2698 1172 2738 a
1191 2675 1347 2753 'Sonentm
1374 2697 1455 2740 nuuc
1480 2679 1512 2738 iu
1532 2697 1632 2740 museo

354 2778 567 2858 Neapolitano,
588 2782 619 2840 in
641 2799 717 2840 ensa
736 2781 827 2840 hebet
847 2781 982 2841 titulum:

872 2917 1061 3018 papesavfi

871 3059 987 3135 Papius
1009 3061 1127 3118 Aufius.

395 3195 612 3272 Apogrsphuru
635 3195 706 3254 mibi
729 3197 865 3272 praebuit
885 3197 943 3256 Th.
958 3197 1136 3256 Mommsen.
1158 3195 1254 3272 Paper
1275 3205 1321 3256 est
1342 3197 1539 3256 nominativus
1560 3197 1631 3254 eius·

312 3297 379 3356 dem
400 3297 514 3356 formae
535 3317 570 3356 ac
591 3297 723 3359 Σεστες
744 3297 935 3380 Lucanorum
963 3299 1015 3375 (cs.
1037 3319 1065 3358 c.
1087 3299 1152 3375 96),
1174 3299 1240 3374 Ausi
1261 3300 1328 3358 in-t
1365 3318 1420 3376 pro
1442 3303 1516 3358 ·in·s
1539 3299 1630 3356 termi-

312 3407 411 3471 nutus,
448 3407 481 3458 ut
503 3397 610 3476 Puapi,
643 3399 740 3470 Helvi,
776 3401 847 3460 Silii
874 3401 1058 3474 nominativi,
1093 3401 1211 3460 videtur
1243 3419 1409 3478 cognomen
1442 3419 1508 3462 esse
1535 3401 1632 3459 eudem

313 3502 407 3577 stirpe
430 3510 528 3560 ortum
549 3520 617 3562 cum
638 3501 747 3561 Latino
770 3504 945 3579 cognomine
967 3503 1141 3580 Aufidianus
1162 3513 1193 3562 ct
1214 3523 1282 3563 cum
1303 3504 1473 3562 nominibus
1494 3504 1631 3579 Aufidius,

312 3603 480 3680 Aufidena&
503 3604 671 3680 Aufidianus
699 3603 813 3679 Osdius,
840 3604 918 3682 Ofics
934 3604 1064 3684 (Auster)
1087 3606 1166 3680 uliis,
1188 3625 1316 3682 quorum
1337 3615 1384 3666 est
1404 3606 1544 3684 frequens
1565 3621 1631 3664 usus

311 3705 344 3764 iu
365 3707 539 3785 regionibus
554 3705 705 3782 quondum
721 3707 822 3768 Oscis.

772 3933 923 3940 -————-

669 4378 921 4440 CAMPANIAE
946 4379 1059 4442 Locn
1083 4381 1281 4442 INOERTA.

203 4597 205 4606 ι
313 4560 371 4620 67.
408 4562 553 4622 Poculum
575 4565 666 4624 fictile
687 4572 773 4644 nigro
788 4566 887 4625 colore
909 4573 1010 4626 inusto
1032 4587 1100 4626 cum
1122 4587 1182 4627 nna
1202 4585 1276 4626 ausa
1295 4572 1328 4655 iu
1347 4567 1519 4626 collectione
1540 4583 1629 4624 rerum

354 4663 544 4741 antiquorum
567 4669 598 4726 di
620 4667 725 4727 Orazio
747 4667 871 4728 Poscalc
893 4671 950 4728 olle
973 4671 1067 4742 Curti,
1094 4671 1126 4729 in
1151 4674 1235 4728 cuins
1262 4670 1360 4728 fronte
1388 4670 1514 4748 graphio
1535 4669 1628 4728 iuscri-

355 4777 437 4842 ptum
459 4779 521 4827 est:

517 4903 609 4980 meis
625 4964 632 4979 .
649 4905 792 4980 kaluvis
981 4927 1081 4986 Maius
1104 4925 1248 4988 Octavius
1271 4927 1436 5006 (calvini).

399 5110 551 5183 Gomcci,
573 5089 693 5172 Mentior.
709 5113 811 5172 Erool.
829 5111 857 5169 d'
873 5113 953 5171 orci.
967 5114 1036 5184 VII,
1058 5113 1193 5190 Appenni.
1212 5134 1245 5190 p.
1265 5115 1316 5174 25.
1353 5115 1487 5186 Fiorellt',
1509 5113 1588 5174 Scau.
1602 5111 1626 5168 d.

311 5211 414 5288 Pomp.
435 5214 463 5286 I,
485 5215 577 5286 1850,
595 5234 629 5290 p.
645 5214 722 5288 XII,
743 5225 799 5274 not.
822 5213 881 5285 20,
909 5214 976 5273 inde
1000 5215 1142 5290 Fabrici,
1174 5217 1204 5276 0.
1227 5217 1253 5274 I.
1275 5217 1345 5275 Ital.
1370 5217 1460 5276 2839.
1503 5215 1626 5282 Bideris,

314 5313 455 5374 Formenl.
479 5317 507 5374 d.
529 5314 598 5376 Ort.
615 5315 683 5392 Spe.
707 5335 735 5376 n.
750 5315 821 5390 XL,
837 5319 861 5375 1.
