3520 6006
538 554 612 604 Lux
632 553 714 604 COL.
735 551 961 604 GENETIVAE.

438 1844 685 1922 APPENDIX
712 1841 1067 1922 COMMENTARII.

175 2128 257 2204 Quod
288 2149 382 2208 supra
410 2129 456 2208 (p.
475 2129 569 2212 106),
586 2129 649 2189 dixi
677 2129 714 2188 ab
743 2128 856 2189 editore
882 2147 983 2188 aerum
1013 2125 1230 2185 Ursoueusium
1259 2123 1419 2182 occasione

107 2229 164 2288 data
185 2233 253 2290 item
282 2232 395 2309 publici
421 2233 495 2291 iuris
516 2233 627 2290 sactum
649 2249 715 2290 esse
737 2231 934 2310 fragmentum
957 2229 1077 2288 tabulae
1100 2245 1205 2286 aereae
1227 2225 1352 2284 Italicae
1372 2245 1419 2283 re-

106 2343 216 2408 pertum,
242 2333 272 2392 id
296 2353 466 2412 quanquam
489 2335 629 2410 exiguum
652 2343 697 2394 est
717 2334 845 2410 ideoque
866 2352 926 2392 non
949 2333 1051 2410 magni
1072 2331 1174 2408 pretii,
1202 2337 1301 2388 tamen
1322 2330 1419 2387 visum

107 2443 143 2492 cst
162 2454 216 2494 unu
237 2436 434 2496 omittendum
457 2454 524 2496 esse
546 2438 576 2495 in
598 2437 655 2496 hac
676 2436 753 2514 legis
774 2435 957 2495 Ursouensie
980 2435 1120 2494 editione.

175 2539 277 2616 Itaque
298 2539 423 2596 Italicae
451 2539 517 2616 (qui
537 2539 627 2598 hodie
650 2539 734 2598 vicus
757 2549 803 2598 est
824 2539 998 2614 Sautipcnce
1020 2536 1117 2595 dictus
1140 2553 1234 2612 prope
1257 2533 1420 2611 Hispalim,

108 2637 135 2696 C.
149 2639 170 2697 l.
184 2639 217 2698 L.
236 2641 270 2698 II
292 2658 323 2716 p.
343 2639 420 2716 145)
448 2642 479 2699 in
507 2641 610 2701 mediis
637 2642 848 2720 amphitheatri
875 2639 1030 2718 parietinis
1052 2658 1078 2698 a.
1099 2638 1176 2698 1868
1204 2635 1345 2696 effossum
1374 2645 1421 2694 est

107 2740 287 2817 fragmentum
314 2743 444 2801 laminae
472 2763 594 2816 aereae,
626 2746 719 2804 letum
747 2764 786 2803 m.
809 2743 897 2814 021,
929 2740 1133 2812 alremont,
1166 2757 1261 2816 paene
1291 2738 1419 2814 undique

108 2843 257 2918 effractum
287 2865 355 2904 nam
385 2845 482 2904 dextri
511 2855 625 2906 tantum
654 2847 797 2924 marginis
823 2863 894 2924 pars
922 2844 1046 2904 inferior
1072 2845 1189 2920 integra
1215 2849 1335 2901 servata
1364 2849 1418 2900 est.

109 2941 198 3006 Servat
221 2935 345 3026 Hispali
371 2947 552 3008 Franciscus
573 2949 743 3008 Matthaeus
766 2948 863 3026 Gugo.
907 2947 1090 3006 Litterarum
1116 2945 1214 3003 forma
1241 2941 1346 3003 similis
1375 2951 1422 3001 est

109 3048 173 3120 eius,
197 3068 285 3126 quam
312 3051 396 3126 prior
423 3050 526 3109 tabula
546 3049 733 3111 Ursonensis
756 3059 916 3124 monstrat3
944 3051 1059 3110 scilicet
1079 3047 1196 3106 videtur
1217 3055 1246 3105 et
1267 3047 1334 3124 ipsa
1356 3062 1421 3104 sae·

109 3151 156 3208 culi
175 3170 237 3212 esse
257 3153 346 3231 primi
369 3153 506 3212 exeuntis
527 3155 695 3214 ineuntisve
718 3154 850 3214 alterius.
884 3153 987 3211 Edidit
1002 3151 1153 3226 Berlange
1174 3170 1203 3228 p.
1222 3147 1275 3206 121
1288 3166 1328 3208 ss.
1351 3147 1421 3206 libri

110 3253 147 3310 sui
167 3253 200 3312 de
220 3256 339 3314 aeribus
361 3255 588 3316 Ursoneneibus
611 3256 728 3316 adiecta
749 3257 853 3316 tabula
876 3255 1081 3332 lithographe‚
1109 3271 1147 3310 ex
1174 3270 1234 3328 qua
1255 3269 1302 3309 vv.
1321 3251 1333 3308 1
1353 3248 1420 3308 et2
1465 3283 1471 3294 ·

109 3353 179 3414 initio
204 3358 305 3434 paullo
333 3358 485 3433 pleniores
508 3357 643 3434 (scilicet
668 3360 777 3418 litteris
805 3358 967 3418 dimidiatis
994 3355 1117 3430 auctos)
1144 3353 1304 3430 descripsi3
1332 3337 1421 3410 etiem

110 3457 160 3513 aa
181 3469 319 3533 extremo,
342 3461 394 3518 ubi
416 3461 490 3519 nihil
512 3480 684 3538 comparere
707 3461 780 3520 dicit
793 3461 956 3539 Berlauge,
979 3458 1082 3517 tabula
1102 3458 1206 3516 hastae
1228 3456 1316 3514 unius
1334 3455 1420 3513 vesti-

110 3557 177 3634 gium
196 3565 332 3637 praebet;
346 3571 511 3640 practerea
532 3583 602 3623 vero
625 3563 699 3622 nihil
721 3583 854 3642 unquam
875 3563 933 3622 hoc
950 3579 1038 3620 versu
1061 3560 1203 3636 scriptum
1226 3567 1299 3616 erat.
1337 3555 1422 3631 Quae

109 3669 209 3722 restant
228 3666 301 3724 haec
323 3679 408 3725 sunt:

633 4315 828 4376 Ivnrceru
858 4332 1014 4376 rerrvu

605 4434 685 4476 rva
712 4433 859 4478 rouen
885 4432 1016 4477 nouo

570 4533 1015 4592 aneerovruecrre

118 4911 276 4991 Periculum
298 4951 368 4992 esse
390 4931 478 4991 edicti
501 4930 550 4989 vel
572 4928 717 5006 epistulae
739 4948 778 4990 ex
798 4928 875 4986 vohis
898 4927 1054 4999 vocabulo,
1077 4925 1156 5004 quod
1179 4946 1206 4984 v.
1223 4925 1240 4984 9
1255 4932 1331 4984 extr.
1353 4923 1423 5000 legi·

119 5030 167 5101 lar,
190 5043 261 5092 recte
282 5033 435 5114 Berlauga
460 5032 616 5092 conclusit.
661 5029 720 5091 Sed
747 5031 827 5107 quod
853 5029 1094 5088 constitutionem
1122 5029 1216 5088 luisse
1239 5027 1424 5086 existimavit

119 5125 281 5207 imperatoris
303 5137 466 5209 Hadriani,
490 5154 551 5212 qua
571 5136 598 5195 is
620 5133 819 5209 municipibus
841 5131 1050 5190 Italicensibus
1073 5129 1207 5190 coloniae
1229 5129 1276 5188 ius
1299 5128 1423 5198 dederit,

121 5231 200 5296 minus
222 5247 331 5300 certum
359 5248 414 5300 est
462 5237 599 5298 Primum
629 5236 707 5296 enim
737 5253 774 5292 ne
803 5232 880 5292 illud
908 5233 1026 5310 quidem
1056 5241 1136 5294 certo
1164 5233 1285 5312 probari
1313 5237 1423 5310 potest,
