3548 6012
576 604 734 666 QVAEST.
755 602 974 655 ONOMATOL.
994 605 1018 654 1.

128 695 697 716 ——.-.—-.‡-—..—......
1058 709 1088 714 -
1099 707 1127 714 --

1416 584 1463 654 85

215 775 454 842 Grammaticam
476 779 566 854 igitur
587 779 794 836 formationem
818 780 843 836 si
865 779 1042 853 respicimus
1065 778 1217 836 nominum
1241 779 1315 837 haec
1332 780 1463 837 omnium

120 896 181 936 usu
216 889 331 938 mutum
357 880 388 937 in
413 882 471 938 tria
492 899 601 958 genera
623 881 829 940 distinctorum
853 889 976 958 apparet
999 900 1036 939 ex
1059 881 1234 958 oppidorum
1257 889 1394 940 notorum
1418 901 1463 938 rc·

117 981 285 1056 giouumvc
313 983 485 1042 nominibus
510 1003 547 1042 ea
573 984 709 1042 derivata
730 1002 806 1042 esse.
852 984 901 1040 Ad
924 985 1037 1059 primae
1060 983 1268 1042 declinationis
1291 985 1462 1060 exemplum

116 1085 152 1140 itt
180 1105 203 1142 a
232 1084 364 1142 formata
392 1095 463 1144 sunt
488 1087 609 1144 nomina
635 1087 769 1179 locorum
796 1085 861 1144 eius
888 1087 1007 1164 generis
1033 1085 1122 1162 longe
1149 1085 1291 1160 plurimam
1326 1086 1464 1145 videlicet

116 1185 329 1262 undetriginta
344 1188 437 1245 haec:

539 1309 644 1368 Abella
900 1309 1013 1385 Mesola

540 1411 645 1484 Aesola
900 1409 1046 1487 *illupilla

538 1513 618 1590 Afila
899 1513 978 1570 Nola

539 1617 644 1690 Africa
898 1615 1000 1674 Norba

484 1737 495 1774 s
540 1719 616 1776 Alba
831 1735 857 1774 aa
900 1719 987 1776 Naca

538 1821 671 1896 Aapusta
900 1821 993 1880 Roma

537 1923 616 1980 Bola
902 1922 979 1982 Sara

535 2023 643 2082 Brixia
901 2025 999 2084 Suasa

537 2127 622 2184 Buca
900 2128 1020 2203 Tempta

467 2248 493 2286 to
538 2229 637 2289 Caieta
828 2247 854 2288 es
898 2231 979 2288 Tisia

538 2333 614 2392 Cara
757 2328 759 2334 ’
899 2333 990 2390 Treba

538 2435 613 2494 Casa
899 2433 1021 2492 Trebula

535 2535 634 2594 Dacia
903 2537 996 2594 Varia

535 2638 654 2696 Hadria
906 2638 1020 2696 Vitellia

469 2761 493 2798 rs
539 2739 622 2798 Luca

103 2934 180 2993 Nisi
215 2934 299 2992 sorte
327 2932 466 2992 Lucanus
495 2945 527 2993 ut
554 2933 669 3010 reliqua
695 2935 759 2992 eius
789 2935 908 3009 generis
937 2931 1069 3008 regionis
1097 2931 1249 2990 Lucaniae
1280 2932 1456 2992 adiectivum

104 3056 177 3096 esse
207 3034 381 3112 putendum
404 3045 459 3094 est.

201 3141 256 3200 Ad
285 3141 342 3198 hoc
368 3141 521 3198 nominum
551 3157 645 3215 genus
672 3139 810 3216 proxime
832 3139 978 3196 accedunt
1001 3135 1108 3214 plurali
1132 3145 1246 3195 tantum
1269 3137 1366 3194 forma
1387 3147 1458 3196 nota

103 3249 187 3305 haec
214 3251 350 3319 septem:

533 3364 660 3422 Acerrae
840 3381 851 3420 s
894 3363 1039 3419 Faesulae

535 3467 630 3524 Baiae
896 3465 1044 3538 Repellae

535 3569 669 3625 Bouillae
902 3565 1023 3623 Verulae

536 3671 640 3728 Cumae

101 3871 138 3928 ln
174 3887 195 3926 a
224 3883 301 3926 vero
330 3865 367 3922 ad
394 3865 529 3924 neutrius
556 3863 674 3939 generis
698 3861 912 3920 vocabulorum
942 3861 1089 3919 secundae
1117 3861 1327 3920 declinationis
1356 3879 1458 3918 exem-

101 3975 199 4049 plum
225 3969 359 4026 formata
379 3976 450 4026 sunt
470 3966 637 4042 quindecim
660 3967 749 4024 haec:
1496 3943 1499 3960 '

533 4157 691 4215 Aeclanum
896 4154 1064 4212 Nomentum

533 4260 664 4335 Aequum
828 4277 854 4316 ιο
896 4256 1005 4314 Pedum

533 4361 662 4438 Apulum
897 4361 1033 4416 Paeanem
1119 4389 1125 4398 ·

533 4465 723 4522 Beneuentum
897 4462 1041 4520 Satricum

479 4586 491 4624 s
535 4567 697 4624 Bovianum
898 4563 997 4623 Solum

535 4669 705 4728 Carventum
901 4665 1053 4724 diusculum

535 4771 663 4828 Firmum
830 4789 854 4826 ru
906 4769 1057 4844 Venafrum

534 4871 674 4930 Labicum

102 5087 281 5150 Accedunt
304 5083 468 5142 masculina
489 5083 621 5142 eiusdem
643 5081 831 5142 formationis
853 5079 943 5139 haec:

406 5273 508 5350 Equus
532 5275 647 5333 Tuticus
803 5271 920 5332 Gaurus
1075 5271 1174 5330 Padus
