3548 6012
541 693 697 756 stsss.
718 693 936 746 ouousnon.
957 695 982 745 1.
1380 673 1433 752 83,

185 867 228 924 llx
249 867 420 925 nominibus
441 867 601 942 gentilieiis
624 869 656 926 in
676 887 760 940 anus,
782 887 860 944 quse
881 870 911 926 iu
926 861 1091 944 conspeetu
1106 868 1204 926 locum
1220 869 1355 926 obtinent
1371 868 1431 944 pri·

113 989 194 1040 mum,
220 987 257 1026 es
282 987 418 1030 seorsum
447 969 661 1028 considerantis
686 978 771 1042 snut,
799 987 877 1046 quse
903 970 1042 1028 similiter
1069 980 1158 1046 atque
1179 970 1371 1048 cognomine,
1399 979 1433 1026 ut

113 1090 194 1148 snpra
219 1073 334 1143 monui,
363 1073 395 1129 in
417 1075 513 1130 lanius
541 1074 738 1130 terminantur
758 1091 818 1130 non
841 1073 871 1130 in
894 1093 982 1144 anus,
1009 1091 1132 1130 numero
1156 1073 1302 1150 triginta·
1331 1072 1432 1129 Minus

110 1183 181 1231 certe
201 1171 421 1248 (‘Maaerianus
443 1170 639 1250 'Osenianus)
662 1175 782 1246 omitto;
808 1175 939 1251 quinque
965 1193 1068 1233 eorum
1095 1174 1133 1232 sd
1159 1183 1231 1232 noto
1252 1175 1430 1250 oppidorum

110 1277 219 1334 nomine
239 1276 344 1334 referri
367 1287 507 1351 possunt:

560 1440 710 1498 Bouianus
762 1442 800 1499 sd
821 1439 988 1500 Bovianum

563 1543 738 1602 Cerellianus
764 1543 802 1600 ed
825 1542 961 1602 Cerellos

565 1645 700 1704 Tisianus
765 1645 803 1702 ad
826 1645 942 1706 Tisiam

568 1747 711 1806 Votienus
766 1747 804 1804 sd
827 1747 952 1808 Verium

505 1869 516 1906 s
567 1849 736 1908 iitellianus
767 1851 805 1908 sd
827 1849 994 1908 Bovianum

106 2013 202 2088 quibus
224 2013 360 2072 fortasse
382 2013 496 2072 assedit

363 2177 533 2237 Baebianus
554 2177 593 2236 sd
613 2177 743 2256 Ligures
766 2177 936 2237 Baebisnos
959 2131 1157 2238 reiciendum.

103 2339 162 2398 ilos
185 2349 216 2398 et
237 2341 393 2399 Bouianus
414 2341 517 2400 eadem
539 2342 655 2400 ratione
678 2351 768 2417 atquo
790 2341 925 2400 locorum
948 2341 1069 2399 uomina
1091 2341 1226 2400 derivato
1247 2351 1317 2400 sunt
1339 2341 1430 2412 (unde

102 2462 153 2500 non
180 2445 289 2502 mirum
318 2445 408 2502 otiam
432 2443 593 2504 Bouianius
620 2463 729 2502 nomen
758 2445 891 2519 extare);
918 2443 1044 2501 Baebius
1065 2444 1176 2502 Bovius
1198 2446 1268 2502 item
1294 2443 1431 2503 Cerellios

102 2546 128 2618 (a
150 2543 293 2604 Caerellia
320 2547 450 2604 sortasse
476 2565 536 2604 nou
563 2545 729 2621 diversum)
757 2547 909 2624 gentilicia
936 2555 1007 2604 nota
1034 2555 1119 2616 sunt;
1146 2546 1262 2621 reliqua
1288 2547 1347 2604 tris
1370 2555 1429 2604 tam

102 2665 116 2702 s
132 2649 295 2724 gentilisiis
310 2647 406 2706 Tisias
430 2648 535 2708 Varius
556 2649 688 2707 Vitellius
703 2667 792 2724 quam
808 2669 826 2706 s
840 2649 974 2706 loeorum
990 2647 1162 2706 nominibus
1176 2656 1339 2726 potuerunt
1354 2648 1431 2705 dori-

102 2751 166 2806 vari.
211 2749 293 2808 Oeto
316 2761 378 2808 tsm
400 2751 522 2808 uomina
543 2769 633 2828 quam
655 2750 834 2828 cognomina
855 2751 987 2810 fuerunt:

458 2924 602 2984 Curianus
813 2945 825 2982 s
869 2925 1015 2982 Vettianus

455 3029 620 3087 Flauianus
869 3027 1014 3084 Traianus

453 3129 603 3189 Parianus
650 3114 653 3132 ¹
877 3129 1014 3188 Vibienus

454 3233 579 3292 Seianus
723 3302 725 3310 Ι
874 3231 1020 3291 Varianus

102 3405 138 3462 ite
162 3414 193 3464 ut
214 3407 315 3465 videri
343 3407 460 3482 possint
486 3427 524 3466 ex
550 3419 636 3486 purte
658 3425 805 3466 conversa
825 3424 893 3465 esse
915 3427 953 3466 ex
976 3409 1187 3484 cognominum
1209 3427 1265 3466 usu
1287 3427 1380 3484 pravo
1400 3409 1432 3466 in
1516 3429 1525 3446 ⁴

101 3508 261 3582 gentilicia;
284 3509 350 3567 eius
373 3511 491 3586 generis
514 3521 587 3587 puto
603 3511 728 3570 Troiani
750 3509 879 3568 nominis
901 3509 1046 3585 gentilioii
1060 3511 1231 3588 exemplum
1246 3529 1323 3569 esse.
1357 3511 1400 3571 Ut
1414 3529 1433 3568 a

103 3611 326 3686 cognominibus
348 3611 380 3670 in
396 3631 479 3684 anus,
501 3613 544 3672 ita
565 3633 584 3671 a
605 3632 659 3672 sex
681 3631 784 3672 eorum
805 3611 959 3690 gentilicis
979 3612 1108 3672 formate
1124 3613 1288 3689 reperimus
1304 3613 1334 3672 in
1350 3617 1410 3671 ius:

458 3787 608 3848 Baaiauas
865 3787 1028 3846 Bouianius

462 3890 605 3950 Uarianos
870 3888 1027 3950 Curiosius

460 3992 590 4051 Faianas
867 3993 1012 4052 Faianisu
1091 3967 1099 3982 ’

459 4093 625 4154 Saenianus
868 4095 1043 4154 Seanianius

404 4215 416 4254 s
460 4195 583 4256 Seianus
869 4191 1022 4255 Seianius'

466 4298 591 4358 Velenus
875 4297 1011 4358 Veianius

102 4469 223 4530 Restant
244 4474 497 4548 quattuordecim,
519 4493 596 4550 quse
619 4481 746 4550 possunt
769 4481 828 4531 tam
852 4493 871 4530 e
892 4473 1050 4550 gentiliciis
1066 4472 1201 4530 derivata
1222 4489 1288 4529 esse
1312 4472 1359 4548 (nt
1374 4480 1432 4530 tra-

102 4572 190 4632 ditum
213 4583 262 4633 est
283 4576 314 4632 in
338 4575 482 4635 Traianus
504 4575 642 4652 Seianus)
665 4595 756 4652 qnam
779 4595 798 4634 a
819 4576 953 4634 locorum
976 4575 1147 4633 nominibus
1169 4575 1258 4632 liaeo:

460 4753 615 4812 Annianus
867 4750 1013 4808 Nerianas

461 4855 615 4914 Rabienus
869 4853 1001 4911 &ianus

462 4956 619 5032 Clepianus
804 4973 829 5012 oi
873 4955 1070 5013 Romanianus

464 5060 619 5118 Ourtianus
872 5057 1033 5116 Sarclanus

406 5179 418 5218 s
460 5159 610 5218 Lusianus
873 5155 1024 5218 Statianus

461 5263 651 5322 Manilianas
872 5261 897 5318 Τ
895 5263 1026 5320 ebeianus

462 5364 620 5423 Marianus
882 5363 1062 5423 Vettonianus
