3504 6004
375 652 428 704 sc.
448 653 497 702 nn
518 653 698 704 uuunnuus
717 653 856 705 sensus
873 654 1089 706 snounnsus.
1317 636 1389 706 281

96 827 183 886 Lucilii
204 827 335 886 Africani
362 823 482 902 venit¹)
510 837 597 905 atque
624 827 665 886 ita
693 829 782 887 etium
808 829 834 885 is
862 830 948 888 loous
971 831 1021 888 ubi
1047 831 1194 889 nundinae
1217 832 1391 907 agebantur.
1479 819 1483 829 ¹

95 930 230 1006 Enptione
256 939 354 990 cutem
383 931 522 989 territorii
549 931 693 990 Africano
722 932 768 990 ius
796 932 992 992 nundinarum
1021 951 1081 992 non
1107 935 1333 1008 adquirebatur3
1362 935 1393 992 id

95 1034 156 1090 enirn
174 1033 399 1109 haudquaquam
422 1033 488 1090 loco
510 1033 664 1104 adhaeret,
691 1034 741 1093 scd
765 1035 921 1112 priuilegio
944 1037 1133 1112 imperatoris
1156 1045 1315 1096 senatusue
1336 1037 1393 1096 rei·

95 1135 206 1210 publicae
232 1136 319 1193 alicui
346 1136 497 1195 hominive
521 1137 667 1195 tribuitur.
711 1135 913 1196 Nihilominus
939 1139 997 1196 loci
1023 1138 1142 1198 domino
1164 1158 1230 1198 cum
1253 1141 1298 1198 ius
1321 1159 1393 1198 nun·

95 1237 208 1296 dirarum
236 1239 440 1296 habendarum
469 1239 526 1296 soli
555 1241 643 1297 tribui
671 1249 790 1314 posset,
823 1251 938 1318 poterut
967 1241 994 1299 is
1023 1241 1241 1316 quodammodo
1266 1242 1303 1300 de
1330 1243 1394 1300 iure

95 1339 175 1415 aliquo
206 1359 260 1398 suo
289 1341 382 1418 loqui.
437 1339 497 1400 Sed
530 1342 604 1400 bueo
635 1349 669 1400 ut
701 1343 822 1402 omnino
854 1343 968 1401 incerta
1000 1353 1081 1414 sunt,
1115 1345 1157 1402 ita
1186 1345 1315 1403 sortasse
1348 1363 1394 1402 res

94 1441 165 1518 longe
189 1443 274 1500 uliter
302 1461 335 1500 se
363 1443 460 1500 habet.
503 1443 569 1502 Etsi
596 1445 672 1502 enim
699 1447 778 1522 apud
800 1446 873 1504 iuris
896 1456 1032 1504 auctores
1061 1447 1135 1504 nibil
1162 1447 1199 1504 de
1225 1467 1261 1506 ea
1283 1467 1315 1505 re
1336 1455 1394 1504 tra-

95 1544 168 1616 ditur,
192 1545 345 1620 probabile
372 1555 468 1604 tamen
497 1555 543 1603 est
568 1565 627 1604 non
655 1549 812 1624 unicuique
838 1549 884 1606 ius
911 1549 1107 1606 nundinarum
1134 1559 1233 1626 petere
1258 1549 1394 1608 licuisse:

94 1647 202 1704 fortusse
229 1648 275 1705 ins
303 1647 377 1706 illud
405 1668 443 1706 ex
465 1648 589 1724 priuatis
616 1667 675 1708 non
697 1650 882 1708 tribuebatur
905 1651 962 1708 nisi
986 1651 1209 1726 possessoribus
1232 1651 1278 1708 uel
1301 1653 1395 1710 maior

95 1767 183 1808 tensus
204 1751 412 1826 postulabatur
433 1760 463 1809 et
484 1769 559 1826 quae
582 1752 726 1810 eiusmodi
750 1752 938 1810 condiciones
960 1755 1125 1829 excogitari
1148 1767 1287 1830 possunt:
1315 1755 1416 1834 quod¹

95 1851 114 1906 si
131 1853 289 1922 statuimus,
318 1855 384 1910 iura
404 1853 538 1911 Africani
567 1855 764 1930 intellegenda
792 1865 861 1912 sunt
888 1854 1018 1927 litterae,
1052 1856 1161 1932 quibus
1190 1857 1396 1934 comprobarit

95 1956 292 2013 sesecundum
313 1956 410 2032 legem
432 1957 479 2014 ius
502 1956 697 2015 nundinarum
719 1957 951 2016 exercendarum
975 1959 1130 2034 adquirere
1152 1977 1250 2035 posse.

163 2138 273 2220 Scripsi
297 2116 493 2220 Argentorati
514 2161 616 2202 mense
638 2141 762 2202 Octobri
788 2144 875 2202 1874.

1062 2261 1101 2324 G.
1125 2265 1326 2350 Wuuusruusr

431 3275 644 3353 SGHOLIA
671 3277 749 3352 ΤΗ.
777 3275 1049 3354 MOMMSENI.

93 3539 135 3598 lu
153 3562 181 3601 u.
197 3545 222 3601 l.
265 3543 448 3602 Territorium
469 3541 711 3600 Musulamiorum
732 3543 773 3600 ad
794 3539 886 3600 Garat
910 3539 990 3617 qnod
1011 3541 1090 3599 infra
1110 3541 1229 3620 legitur,
1256 3542 1312 3600 hoc
1333 3541 1400 3600 loeo

127 3645 249 3704 breuiter
275 3646 383 3704 dicitur
410 3648 580 3704 territorium
604 3641 736 3702 Curense.
780 3643 815 3700 ld
841 3645 884 3702 ita
911 3645 1011 3720 accipe
1037 3645 1218 3703 territorium
1244 3645 1309 3704 siue
1330 3661 1400 3720 gen·

128 3753 182 3805 tem
207 3748 364 3824 dupliciter
391 3747 552 3823 significari
579 3765 645 3805 oum
668 3765 686 3802 a
706 3745 811 3823 populi
832 3746 952 3804 nomine
974 3753 1036 3804 tum
1058 3747 1095 3804 ab
1117 3747 1228 3824 oppido
1249 3748 1401 3824 primario,

128 3849 185 3908 fere
209 3860 240 3909 nt
260 3852 291 3908 in
314 3849 416 3910 Gallia
437 3850 501 3907 siue
523 3847 644 3908 Aeduos
671 3848 806 3908 nomines
832 3849 895 3906 siue
917 3848 1176 3925 Augustodunum,
1202 3849 1325 3927 perinde
1346 3855 1400 3907 est.

130 3948 174 4010 Cf.
193 3951 284 4011 Knhn
308 3953 483 4028 Versatuurup
504 3952 553 4009 des
573 3953 644 4008 rdm.
667 3951 783 4008 Reicies
805 3949 834 4020 2,
851 3950 910 4010 405
923 3969 985 4026 seq.
1028 3949 1138 4009 Lucilii
1159 3951 1294 4010 Africani
1317 3969 1402 4010 senc-

128 4055 196 4113 toris
221 4055 349 4112 Romani
381 4055 489 4113 saltum
516 4053 703 4131 Beguensem
730 4061 844 4130 partem
873 4071 932 4111 non
958 4053 1110 4112 minimam
1137 4053 1279 4112 territorii
1305 4053 1402 4130 gentis

129 4155 368 4216 Musulamiorum
388 4155 482 4214 fuisse
505 4163 736 4215 consentaneum
759 4164 812 4214 est

94 4256 137 4314 ld
159 4277 185 4315 u.
200 4257 226 4317 2.
267 4259 357 4318 Liber
382 4261 580 4317 sententiarum
606 4262 635 4314 in
662 4267 763 4316 uenatu
790 4261 929 4317 dictarum
952 4258 982 4315 T.
1005 4259 1073 4316 Ioui
1094 4257 1183 4335 Niprt'
1208 4255 1240 4315 C.
1262 4257 1403 4334 Pomponi

134 4359 267 4419 Camerini
289 4361 492 4438 co(o)s(clum:
519 4360 562 4418 ita
588 4361 666 4417 enim
694 4361 828 4438 explico)
856 4360 1078 4436 componendus
1102 4370 1149 4418 est
1171 4379 1238 4420 cum
1259 4360 1335 4417 libro
1357 4377 1404 4430 eo,

131 4465 160 4519 io
184 4483 234 4540 quo
260 4475 327 4524 suat
354 4464 598 4522 cenotusconsulta
622 4462 671 4524 Cb.
698 4461 829 4522 Cotuuett'o
850 4460 888 4520 L.
911 4462 1048 4521 Mummio
1073 4480 1129 4520 coc.
1158 4461 1199 4538 (a.
1221 4481 1250 4520 n.
1272 4481 1297 4520 o.
1318 4459 1403 4536 608),

96 4701 285 4714 ῃ*-

167 4879 188 4943 1)
214 4881 350 4933 Frontinus
369 4884 396 4933 in
415 4889 524 4948 gromct.
544 4899 568 4946 p.
590 4882 624 4932 53
643 4884 688 4933 Itu
715 4882 742 4932 in
762 4881 863 4946 Africo,
883 4879 927 4930 obt*
944 4879 1024 4930 aalma
1047 4895 1096 4929 non
1115 4880 1222 4929 minores
1241 4877 1331 4929 babent
1345 4879 1403 4946 pri·

94 4971 144 5019 cuti
162 4988 227 5037 quoru
244 4973 389 5042 respublica
407 4976 552 5026 territorio.-
582 4975 642 5040 quia
664 4975 735 5024 immo
753 4974 837 5024 metm
855 4973 935 5023 salttts
960 4973 1032 5038 torpe
1052 4973 1159 5021 maiores
1178 4978 1235 5022 sunt
1253 4971 1403 5022 territoriis.-

97 5059 179 5114 tatem
194 5073 269 5118 mrtem
288 5069 315 5117 t'n
333 5065 440 5118 cultibus
453 5069 555 5135 priuati
573 5083 621 5117 non
640 5068 754 5133 exipuum
770 5067 888 5134 populum
903 5063 1027 5133 ¹plebeium
1046 5071 1070 5114 et
1088 5079 1157 5114 uscos
1183 5065 1253 5114 circa
1272 5063 1359 5113 trullam
1377 5063 1404 5111 t'rt

96 5153 184 5206 modum
203 5161 368 5210 munitionum.
405 5159 505 5210 Plinius
523 5161 549 5209 h.
568 5175 594 5210 n.
616 5161 663 5222 18,
679 5157 709 5221 6,
724 5159 771 5210 35:
797 5175 839 5209 rex
858 5157 952 5209 domim¹
969 5158 1091 5208 emerem
1109 5155 1216 5224 Africae
1231 5152 1413 5224 possidebant·

97 5261 146 5295 cum
163 5249 279 5317 interfecit
296 5248 434 5304 euellere.
