3548 6012
521 659 677 722 ovasse.
698 661 915 712 ononaron.
935 663 968 716 1.
1354 641 1401 712 27

94 853 171 909 quam
192 834 340 892 civitatem
357 833 525 893 Romanam
546 834 646 911 adepti
667 843 752 892 erant
773 835 861 894 etiam
883 835 1034 895 nominum
1050 835 1163 894 ratione
1178 835 1324 894 Romanis
1339 853 1407 894 sese

93 936 312 1012 aequiperarent.
357 934 504 996 Similiter
525 935 717 996 iudicandum
738 935 775 995 de
797 938 908 998 Tuscis
930 939 959 996 in
983 957 1058 998 arna
1079 957 1152 998 enno
1171 941 1221 996 ino
1242 941 1326 1010 inno3
1350 938 1407 996 soi·

92 1038 151 1096 lieet
164 1037 253 1096 Tusci
275 1039 414 1098 homines
436 1040 540 1114 patriis
563 1039 742 1112 nominibus,
765 1039 863 1098 forma
884 1060 986 1098 eorum
1010 1051 1062 1100 aut
1083 1040 1253 1099 nullatenus
1269 1047 1321 1098 aut
1335 1041 1407 1100 lavi·

92 1148 129 1198 ter
143 1141 304 1212 immutata,
327 1159 383 1218 pro
399 1141 560 1217 gentiliciis
575 1140 721 1200 Romanis
738 1141 779 1200 uti
796 1153 1041 1218 perseverarunt3
1064 1143 1101 1201 ab
1116 1143 1295 1220 oppidorum
1309 1150 1407 1202 antem

91 1243 246 1302 nominibus
268 1243 320 1300 illa
341 1243 461 1318 quidem
485 1262 543 1302 non
566 1243 702 1302 videntur
723 1244 867 1320 originem
890 1244 1024 1304 duxisse.
1068 1243 1116 1304 De
1139 1243 1267 1304 Gallicis
1290 1243 1408 1303 Africa·

91 1347 131 1402 nis
146 1344 298 1403 Lusitania
321 1365 425 1422 parum
447 1353 580 1415 constat3
605 1345 657 1404 sed
680 1355 808 1424 possunt
830 1346 884 1405 illa
905 1357 1032 1423 utraque
1053 1348 1169 1406 ratione
1191 1357 1243 1405 aut
1263 1347 1301 1405 ab
1323 1347 1408 1424 oppi-

91 1446 200 1504 disant
220 1447 259 1505 ab
280 1447 451 1506 bominibus
474 1448 639 1525 peregrinis
662 1449 807 1524 originem
830 1449 963 1508 duxisse.
1010 1447 1099 1522 Quod
1121 1469 1140 1508 a
1160 1448 1271 1508 Tuscia
1287 1447 1409 1506 Umbris

92 1547 200 1608 Sabinis
226 1558 360 1626 tempore
382 1559 501 1610 vetusto
527 1551 638 1608 factum
665 1568 732 1608 esse
760 1550 913 1626 probabile
940 1563 1000 1621 est,
1027 1551 1059 1608 id
1084 1559 1219 1627 tempore
1245 1551 1409 1632 recentiore

91 1653 235 1729 repetitum
262 1669 330 1712 esse
356 1652 527 1728 frequenter
553 1653 591 1711 ab
614 1653 784 1711 horninibus
807 1652 974 1730 peregrinis
997 1653 1122 1712 militum
1144 1653 1335 1730 potissimum
1357 1673 1408 1712 no·

93 1757 162 1812 mura
182 1754 303 1825 docent;
326 1755 439 1814 milites
461 1755 539 1814 enim
561 1754 694 1814 cuiusvis
716 1755 777 1813 fere
800 1754 916 1832 generis
931 1755 1054 1816 nomina
1068 1755 1197 1816 barbara
1211 1755 1242 1814 in
1257 1755 1410 1834 gentilicia

92 1857 215 1916 Romana
235 1867 409 1916 convertere
431 1857 578 1916 solebant.

164 1957 222 2019 Sed
249 1968 368 2036 praeter
394 1962 546 2020 nominum
573 1977 683 2036 genera
710 1959 778 2030 illa,
805 1978 881 2036 quae
907 1961 1004 2038 primo
1032 1960 1133 2018 statim
1159 1959 1303 2036 adspectu
1327 1979 1411 2037 pere-

92 2061 182 2136 grinae
208 2063 333 2139 originis
360 2081 429 2122 esse
457 2062 718 2138 deprehendimus,
746 2061 824 2121 aliae
851 2071 954 2120 extant
975 2063 1194 2139 gentiliciorum
1216 2062 1329 2121 classes
1350 2083 1411 2122 non

92 2165 117 2222 in
141 2170 183 2224 iua
211 2167 451 2236 terminatorum,
480 2183 557 2240 quae
583 2165 705 2242 proprie
732 2164 869 2223 Romana
895 2173 947 2222 aut
973 2175 1053 2224 certe
1075 2165 1182 2224 Italica
1207 2183 1274 2224 esse
1300 2174 1411 2223 certum

93 2279 144 2339 est;
172 2268 282 2326 scilicet
307 2268 338 2326 in
366 2277 440 2326 dnus
462 2277 526 2325 inus
549 2275 618 2325 enus
645 2266 812 2326 terminata.
857 2269 959 2344 Atque
986 2267 1022 2326 de
1050 2267 1103 2340 iis,
1133 2285 1209 2342 quae
1235 2267 1267 2326 in
1293 2271 1358 2326 inus
1383 2277 1413 2326 et

93 2389 151 2426 enus
169 2369 297 2429 formata
318 2377 397 2440 sunt,
424 2388 518 2447 pauca
542 2367 723 2444 monebo¹)‚
751 2368 872 2431 nomina
895 2385 964 2427 vero
991 2369 1021 2428 in
1043 2387 1116 2428 onus
1142 2369 1311 2428 accuratius
1337 2377 1412 2430 trac·

93 2472 161 2530 tabo.

167 2575 287 2634 Praeter
313 2575 393 2634 alius
420 2575 537 2650 generis
566 2573 714 2634 adiectiva
740 2573 877 2651 inprimis
906 2573 1078 2632 alocorum
1102 2573 1273 2633 nominibus
1294 2573 1325 2634 in
1346 2585 1411 2634 inus

94 2677 180 2736 solent
199 2677 346 2736 adiectiva
367 2677 500 2748 formari,
523 2685 554 2735 ut
569 2675 693 2736 Latinus
709 2675 836 2735 Sudines
858 2675 1009 2752 multaque
1031 2676 1104 2748 alia;
1127 2677 1255 2754 ipsaque
1277 2678 1412 2736 locorum

95 2781 217 2850 nomina,
244 2787 278 2838 ut
300 2778 445 2838 Larinum
466 2779 612 2838 Sentinum
639 2779 714 2850 alia,
741 2777 875 2837 eiusdem
901 2787 970 2837 sunt
996 2777 1194 2838 iorusationis.
1238 2778 1327 2838 Talia
1352 2797 1412 2838 non

95 2881 239 2941 admodum
264 2900 334 2940 raro
359 2882 391 2940 in
416 2881 632 2958 gentiliciorum
663 2899 751 2940 usum
773 2899 919 2940 conversa
939 2897 1007 2939 esse
1030 2879 1142 2956 (veluti
1162 2880 1353 2958 Pomptinus)
1375 2883 1413 2940 ab

98 3001 161 3056 uno,
184 2983 238 3042 nisi
259 2983 359 3056 fallor,
383 2981 421 3042 G.
446 2983 481 3042 F.
506 2981 751 3042 Grotelendio
773 2984 804 3042 in
827 2993 1002 3043 transcursu
1024 2982 1186 3060 aliquando
1207 2983 1331 3057 dictum,
1353 3001 1413 3043 non

98 3085 162 3144 satis
182 3095 317 3146 accurate
340 3086 522 3162 explicatum
545 3083 641 3162 θεῖ’).

168 3187 329 3248 Difficilius
358 3187 550 3248 indicandum
578 3187 614 3246 de
641 3187 813 3248 nominibus
840 3187 872 3246 in
898 3197 982 3259 enua,
1010 3206 1086 3264 quae
1112 3188 1164 3248 diu
1189 3189 1337 3265 estquod
1358 3207 1413 3268 pro

97 3291 309 3366 cognominibus
331 3290 433 3350 haberi
456 3291 554 3350 solent
575 3291 676 3350 omnia
697 3310 716 3349 a
737 3291 810 3350 viris
834 3290 945 3360 doctis3
969 3289 1061 3350 veluti
1084 3290 1205 3366 Alsertus
1219 3290 1414 3352 Horatianus.

98 3389 210 3468 Proprie
229 3391 370 3452 Latinum
385 3411 458 3482 „esse
481 3404 515 3450 en
536 3393 695 3464 suffixum,
724 3411 895 3470 quanquam
917 3411 976 3452 non
999 3392 1160 3452 admodum
1181 3393 1336 3472 frequens,
1362 3393 1414 3452 do-

99 3503 157 3552 cent
180 3505 275 3554 cuteno
301 3495 414 3556 bobeno
441 3496 549 3554 larena
576 3497 696 3554 undena
718 3495 861 3555 cantilena
884 3496 998 3554 laniena
1021 3505 1153 3554 umorum
1175 3505 1277 3571 spanus
1298 3505 1414 3556 serenus

100 3595 197 3655 alienus
221 3607 347 3656 wenna
374 3608 404 3658 et
430 3598 550 3657 similia.
595 3596 692 3658 Simili
719 3599 836 3656 ratione
862 3616 881 3656 a
907 3597 1020 3667 radice,
1050 3615 1127 3674 quae
1154 3607 1201 3654 est
1227 3597 1287 3672 Alf
1310 3595 1358 3674 (ut
1383 3599 1414 3656 in

99 3697 213 3775 Alfius),
241 3701 379 3775 Alfenus,
407 3720 426 3758 a
454 3701 555 3760 Pontio
580 3699 752 3774 Pontianus,
780 3719 799 3758 a
826 3697 926 3759 Satrio
950 3698 1103 3758 Satrianus
1130 3709 1210 3758 recte
1232 3699 1414 3758 derivantur.

101 3799 268 3862 Alocornm
290 3801 464 3862 nominibus
487 3811 589 3880 aperte
611 3823 648 3862 ea
669 3821 728 3862 nou
751 3811 821 3862 sunt
841 3802 990 3875 derivata3
1012 3810 1112 3860 tamen
1133 3801 1208 3860 haec
1229 3821 1347 3881 quoque
1361 3821 1415 3864 no-

101 4003 285 4017 h

168 4152 189 4214 ¹)
214 4155 280 4205 Illud
304 4163 403 4206 tantum
428 4171 522 4206 moneo
547 4157 682 4206 occasione
707 4157 782 4218 data,
810 4157 920 4206 amicam
944 4155 1093 4206 Mamurrae
1119 4156 1263 4206 decoctoris
1282 4156 1416 4207 Formiani

104 4241 257 4298 Catullianam
277 4247 315 4308 (c.
330 4249 363 4297 41
385 4255 410 4296 ct
428 4247 480 4310 44)
505 4249 559 4297 eius
582 4249 684 4313 generis
708 4265 802 4298 nomen
822 4249 955 4310 habuisse,
981 4263 1032 4298 non
1054 4263 1206 4313 cognomen.
1243 4249 1310 4299 Nam
1333 4249 1361 4298 in
1386 4249 1417 4298 iis

106 4351 163 4399 quae
179 4341 310 4389 traduntur
329 4339 421 4389 litteris
441 4339 465 4388 A
478 4355 514 4390 me
527 4357 544 4390 a
557 4357 591 4390 nu
607 4349 678 4390 certo
697 4356 749 4391 non
764 4341 897 4390 Ammiano
915 4348 959 4390 aut
971 4341 1092 4390 Ariniuna
1104 4341 1185 4391 latent
1197 4341 1352 4406 cognomina
1363 4342 1417 4390 vul·

103 4431 164 4489 garis
185 4439 258 4482 etna
277 4433 340 4482 satis
359 4433 468 4497 antiqua
486 4433 604 4497 qnidem;
625 4447 690 4498 quas
708 4435 859 4498 placuerunt
876 4433 1011 4484 Prohnero
1031 4439 1057 4482 et
1076 4433 1225 4485 Schwabio.
1263 4433 1330 4486 Sunt
1348 4433 1416 4484 enim

103 4521 155 4570 talia
171 4521 321 4574 feminarum
340 4513 448 4574 nomina
465 4525 562 4575 liberae
582 4526 756 4590 reipublicae
776 4533 892 4591 tempore
912 4539 993 4590 paene
1012 4525 1142 4587 inaudita;
1167 4525 1261 4576 deinde
1282 4525 1418 4591 dupliciter

103 4623 216 4674 peccatum
235 4624 301 4666 esset
321 4623 346 4666 et
365 4617 541 4682 geminatione
563 4619 672 4680 omissa,
694 4633 759 4684 quae
779 4625 839 4668 ante
859 4617 989 4669 Catullum
1009 4618 1092 4668 omitti
1112 4619 1217 4668 omnino
1237 4617 1324 4680 desiit,
1345 4625 1371 4668 ct
1390 4619 1418 4668 in

103 4718 168 4768 epro
186 4708 196 4756 i
212 4710 304 4758 rustice
324 4709 416 4774 posita.
449 4710 502 4762 Sed
522 4711 592 4775 qnod
607 4712 735 4776 Hauptius
754 4711 857 4775 scripsit
876 4710 992 4760 Ametinu
1012 4711 1130 4774 proxima
1149 4711 1249 4762 aceedit
1268 4711 1301 4760 ad
1320 4711 1418 4762 litteras

103 4797 195 4848 uaditas
217 4809 242 4850 et
265 4802 462 4852 commendatur
485 4803 633 4852 nominibus
657 4803 845 4868 geographicis.
884 4803 984 4852 Plinius
1009 4803 1077 4852 enim
1097 4802 1233 4852 Amitinum
1252 4804 1320 4854 Latii
1344 4805 1418 4869 oppi-

104 4887 154 4938 dum
171 4890 202 4953 (3
221 4891 294 4956 ξ68)
315 4901 340 4942 et
359 4895 459 4944 heros
477 4894 644 4944 Amitinenaea
663 4894 687 4958 (ξ
701 4895 745 4956 52)
765 4895 896 4955 nominat;
923 4894 1033 4944 Ametini
1052 4893 1153 4956 (Latini
1171 4895 1244 4959 puto)
1264 4894 1373 4946 redeunt
1389 4895 1418 4946 iu

104 4981 179 5043 titulo,
203 5000 275 5050 quem
299 5001 331 5034 en
351 4985 459 5036 Marinii
480 4987 581 5037 schedis
602 4987 692 5036 habuit
711 4988 909 5038 Kellerrnannus
929 4989 987 5051 Vig.
1008 5002 1033 5051 p.
1047 4988 1083 5036 44
1103 4985 1181 5048 (indo
1200 4988 1306 5038 Henzen
1326 4987 1418 5050 5136).

104 5071 206 5125 Indidem
228 5077 336 5128 sortasse
362 5077 506 5129 derivatum
532 5087 572 5129 cst
590 5079 788 5130 Volumniornm
810 5093 953 5144 cognomen
973 5078 1129 5140 Anintinua,
1156 5080 1224 5146 quod
1243 5080 1270 5129 in
1289 5081 1362 5130 fastis
1380 5087 1419 5130 est

106 5161 134 5220 (ἃ.
146 5167 215 5230 293);
234 5169 342 5220 iortasm
361 5186 415 5220 non
433 5177 501 5221 recte
521 5172 558 5220 ita
577 5171 701 5235 scriptum
719 5186 734 5220 a
754 5172 837 5222 doctis
856 5171 1012 5233 hominibus,
1033 5172 1077 5236 qui
1096 5171 1176 5222 fastos
1195 5171 1368 5222 coniecerunt.

169 5255 191 5319 ²)
215 5261 245 5311 In
264 5263 458 5326 quaestionibus
477 5263 509 5312 de
528 5263 686 5328 geographia
705 5271 731 5314 et
748 5263 857 5314 historia
876 5265 969 5314 veteris
988 5263 1081 5314 Italiae
1099 5263 1221 5314 fasciov
1242 5265 1311 5314 1842
1332 5279 1358 5328 p.
1371 5265 1416 5327 42,

108 5347 143 5408 qui
158 5350 235 5402 libelii
255 5355 333 5405 multa
353 5355 461 5406 confusa
479 5355 524 5406 sed
544 5357 622 5406 etiam
641 5370 694 5406 non
714 5370 795 5422 pauca
814 5363 881 5406 recte
901 5357 932 5406 de
952 5355 1085 5408 biarchus
1103 5356 1238 5408 observata
1256 5356 1396 5409 continent.
