3520 6006
549 757 625 806 sax
643 755 724 807 ocu.
746 755 974 808 GENETIVAE.
1358 742 1432 813 143

1277 863 1431 873 —-—-.

105 935 197 1002 utitor,
226 933 351 991 alterum
380 931 594 991 mcusutorr'bua
623 939 731 990 tenurrn
760 949 922 990 concessum
949 939 997 989 eat.
1049 929 1173 992 Iudiciis
1200 933 1331 1010 publicis
1360 936 1433 996 item

103 1034 309 1112 comprehendi
337 1033 496 1112 popularia
521 1033 683 1092 multarum
711 1033 743 1092 in
769 1032 919 1108 publicum
942 1026 1171 1111 redigendarum
1194 1044 1224 1094 et
1244 1037 1367 1095 aliunde
1389 1039 1433 1096 in-

104 1136 249 1213 tellegitur
277 1148 323 1208 et,
351 1135 433 1212 quod
454 1135 492 1195 ad
514 1137 592 1194 hanc
612 1137 708 1212 legem
731 1135 868 1211 proxime
890 1135 1033 1211 pertinet,
1059 1155 1099 1196 ex
1120 1156 1146 1196 c.
1162 1136 1218 1196 LV
1239 1138 1316 1215 legis
1337 1139 1434 1199 Iuliae

103 1239 232 1316 agrariae
258 1247 333 1316 post
356 1240 450 1297 verbe
475 1257 568 1316 supra
593 1238 690 1296 relata
715 1238 759 1296 ita
785 1238 952 1315 pergentis:
980 1242 1065 1315 inquo
1091 1253 1153 1298 earn
1178 1257 1235 1298 rem
1260 1245 1286 1300 is
1308 1245 1358 1318 qui
1379 1243 1433 1302 boc

102 1343 156 1417 laps
180 1343 322 1400 iudicium
349 1343 458 1400 dederit
485 1342 598 1400 tutibus
620 1341 735 1417 publice
761 1341 828 1398 dum
854 1349 936 1400 taust
963 1341 1431 1420 inrestingulosbominibu31)

103 1443 134 1502 X
150 1444 341 1503 ementiendi
358 1453 526 1520 potestatem
541 1445 636 1520 serito
658 1447 700 1502 ite
721 1453 752 1501 ut
774 1462 788 1502 e
809 1444 978 1520 republica
992 1445 1106 1521 fideque
1126 1463 1182 1503 suu
1196 1445 1345 1506 uidebitur.
1381 1448 1432 1506 Ad

100 1547 166 1604 haec
187 1547 280 1624 uulgo
309 1557 384 1606 nota
410 1555 439 1606 et
461 1547 535 1606 satis
557 1555 669 1605 testata
688 1563 768 1604 nova
789 1545 937 1622 quasdam
958 1547 1085 1623 exlege
1107 1547 1243 1606 coloniae
1266 1546 1432 1609 Genetivee

100 1647 244 1707 accedunt.
290 1651 429 1726 Apparet
454 1650 482 1707 ei
508 1648 696 1727 magistratui
722 1649 775 1725 qui
801 1647 944 1707 iudicium
971 1648 1053 1708 dedit
1079 1650 1126 1708 ius
1152 1667 1211 1708 non
1235 1649 1328 1710 fuisse
1350 1653 1431 1711 testi·

98 1751 182 1808 monii
203 1751 406 1810 denuntiandi
428 1751 485 1810 nisi
507 1751 538 1808 in
560 1769 636 1827 quos
658 1751 715 1808 sibi
740 1751 897 1826 imperium
920 1761 1014 1823 essst3
1037 1752 1174 1810 similiter
1195 1754 1226 1812 in
1248 1771 1341 1812 causa
1354 1753 1430 1812 Ver·

98 1853 156 1911 rina
180 1853 315 1913 testibus
338 1852 447 1915 Siculis
476 1853 680 1912 testimouium
707 1852 864 1912 denuntiat
889 1871 948 1910 non
974 1855 1096 1929 praetor
1120 1855 1147 1914 is
1174 1855 1224 1932 qui
1251 1857 1430 1932 repetunda·
1527 1909 1531 1918 .

97 1975 155 2014 rum
179 1955 328 2016 iudicium
354 1965 486 2027 exercet,
515 1956 570 2014 sed
597 1956 624 2014 is
652 1954 703 2032 qui
731 1963 850 2032 praeest
876 1955 1046 2032 provinciae
1075 1953 1248 2033 Sicilisei).
1293 1957 1430 2018 Testium

96 2060 141 2133 qui
166 2059 267 2118 coacti
289 2058 491 2118 testimonium
516 2057 616 2117 dicant
643 2057 675 2115 in
702 2057 821 2117 iudiciis
847 2059 1076 2136 recuperatoriis
1093 2077 1169 2118 eum
1198 2059 1299 2119 decem
1326 2079 1429 2120 nume·

96 2179 155 2218 rum
180 2161 273 2219 finiat
296 2170 359 2220 tam
385 2161 436 2219 lex
463 2160 542 2218 Iulia
568 2159 657 2218 modo
682 2160 773 2220 citats
799 2178 889 2236 quam
917 2160 1006 2220 edicti
1029 2163 1166 2240 perpetui
1187 2161 1370 2240 tormule³),
1397 2163 1429 2221 iu
1482 2203 1487 2222 ,

96 2263 146 2321 hac
171 2263 242 2342 lege
273 2281 414 2324 numerus
439 2263 590 2322 invenitur
611 2261 790 2339 duplicatus.
835 2261 961 2321 Praeter
982 2270 1089 2338 testes,
1117 2265 1226 2341 quibus
1248 2272 1318 2324 ente
1338 2283 1428 2340 quam

95 2367 231 2426 iudicium
263 2367 297 2424 fit
321 2365 526 2425 denuntiatum
554 2373 615 2437 est,
642 2365 701 2424 iam
729 2365 929 2444 intellegimus
958 2367 1048 2425 etiam
1071 2366 1097 2424 si
1119 2367 1170 2444 qui
1193 2366 1263 2426 dum
1285 2368 1427 2427 iudicium

94 2469 122 2526 fit
142 2469 179 2526 ab
201 2469 314 2527 horum
337 2467 439 2544 aliquo
461 2470 492 2526 in
514 2467 686 2526 testimonio
708 2467 834 2526 dicendo
857 2468 1001 2527 nominati
1024 2478 1135 2543 essent,
1159 2488 1212 2530 eos
1234 2471 1273 2528 ad
1294 2471 1427 2530 testimo-

94 2571 169 2629 nium
191 2571 413 2648 perhibendum
437 2570 505 2649 cogi
525 2570 675 2647 potuisse,
703 2569 792 2628 modo
814 2589 851 2628 ne
872 2588 1015 2630 numerus
1037 2572 1145 2648 viginti
1166 2572 1369 2632 excederetur.
1386 2606 1425 2616 -

94 2671 245 2734 Personae
276 2685 421 2750 exceptae
448 2673 546 2732 huius<
568 2673 643 2750 legis
672 2671 792 2732 eaedem
821 2672 884 2732 fere
914 2681 983 2731 sunt
1011 2681 1100 2750 atque
1129 2691 1207 2751 quae
1235 2675 1427 2753 excipiuntur

94 2775 152 2852 lege
172 2775 258 2834 Iulia
278 2773 457 2834 iudiciorum
480 2775 678 2852 publicorum.
722 2773 800 2852 Lege
821 2773 910 2848 Iulia,
932 2773 1083 2854 Paulus‘)
1106 2777 1157 2849 ait,
1183 2779 1352 2836 iudiciorum
1369 2799 1426 2855 pu·

94 2877 226 2936 blieorum
250 2887 377 2948 cauetur,
399 2896 434 2936 ne
455 2881 542 2936 inuito
565 2879 753 2948 denuntietur,
780 2885 811 2935 ut
832 2881 1015 2949 testimonium
1037 2879 1098 2938 litis
1120 2880 1200 2937 dieat
1219 2881 1358 2939 adorsus
1380 2899 1426 2938 so·

95 2999 181 3038 cenom
199 2999 348 3056 generum,
368 2983 500 3039 uitricum
512 2983 689 3056 privignum,
711 2979 854 3038 sobrinum
869 2979 1023 3052 sobrinam,
1044 2981 1158 3050 sobrino
1174 2981 1314 3058 [sobrina]
1329 2993 1426 3042 netum

94 3101 167 3140 rosus
188 3085 244 3158 qui
263 3085 363 3158 priore
385 3081 488 3158 [immo
506 3082 656 3158 propiore]
677 3083 775 3158 gradu
796 3085 863 3152 sint,
885 3085 952 3140 itena
972 3101 1006 3140 ne
1029 3081 1127 3143 liberto
1150 3087 1252 3162 ipsius,
1275 3085 1426 3145 liberorum

95 3189 157 3256 nus,
175 3187 358 3261 parentium,
384 3188 441 3242 uiri
461 3188 574 3257 weris,
601 3187 665 3243 item
682 3187 802 3261 petroni
818 3195 976 3260 petroraus:
1002 3195 1026 3243 et
1046 3196 1078 3244 ut
1096 3205 1131 3244 ne
1149 3191 1267 3262 patroni
1282 3197 1426 3263 patronus

94 3289 228 3346 Mcernu
256 3287 373 3346 libertos
399 3297 536 3363 coguntur
562 3289 748 3346 testimonium
773 3287 873 3346 dicere.
916 3286 978 3348 Sed
999 3288 1117 3364 plenius
1140 3301 1170 3348 et
1190 3289 1366 3365 prudentius
1388 3290 1425 3351 de

94 3389 137 3446 his
161 3391 194 3448 in
218 3390 288 3468 lege
309 3388 431 3466 publica
452 3398 570 3448 contum
592 3397 638 3447 est
659 3407 749 3466 quem
771 3389 803 3448 in
825 3389 970 3449 colonica.
1015 3387 1143 3468 Cognati
1164 3409 1232 3450 cum
1253 3398 1283 3450 et
1304 3393 1336 3451 in
1357 3393 1424 3472 loge

93 3490 165 3550 Iulia
185 3492 368 3550 iudiciorum
390 3491 574 3567 publicorum
597 3502 627 3551 et
647 3491 679 3550 in
701 3493 771 3552 aliis
792 3493 931 3552 omnibus
954 3493 1133 3552 definientur
1154 3502 1207 3551 aut
1225 3504 1311 3554 sexto
1327 3496 1423 3575 gradu

94 3595 277 3654 sobrinarum
300 3601 353 3652 aut
373 3593 500 3671 septimo
523 3593 644 3652 sobrino
666 3594 853 3671 natorumt),
875 3595 956 3672 quod
977 3596 1026 3654 hio
1048 3595 1193 3654 liberatur
1214 3597 1265 3674 qui
1286 3617 1337 3656 reo
1353 3617 1422 3658 con·

93 3697 228 3756 sobrinus
250 3697 291 3755 sit
311 3697 471 3774 propiusve
494 3715 560 3754 eum
584 3717 620 3756 es
641 3698 818 3774 cognatione
840 3699 1002 3775 contingat,
1024 3698 1054 3756 id
1077 3705 1124 3757 est
1144 3700 1262 3776 cognati
1281 3699 1320 3758 sd
1334 3719 1423 3777 quer-

93 3807 150 3856 tum
171 3800 298 3876 gradum
321 3817 427 3876 usque,
449 3799 614 3858 inauditum
635 3807 732 3859 estet
753 3799 882 3858 fortasse
904 3801 1079 3860 contraius
1101 3810 1252 3877 receptum
1269 3803 1305 3861 ab
1321 3805 1422 3882 ecqui

93 3899 183 3977 legem
210 3901 393 3980 conscripsit
418 3909 529 3960 temere
555 3903 698 3978 positum.
746 3903 892 3962 Affinium
921 3921 988 3962 cum
1014 3903 1179 3962 liberentur
1206 3923 1298 3982 gener
1326 3923 1421 3980 socer,

97 4096 295 4110 w-

165 4247 188 4314 ¹)
216 4253 246 4304 ln
265 4253 340 4304 libris
359 4259 398 4303 est
416 4241 461 4300 ’ἔθ’
481 4267 528 4318 pro
547 4240 582 4298 Ἡ.

164 4339 189 4404 ²)
218 4344 310 4396 Cicero
323 4347 400 4396 Verr.
414 4345 440 4406 2,
455 4346 498 4407 27,
513 4343 562 4394 65:
583 4341 672 4411 quibus
689 4360 734 4411 epo
755 4344 918 4395 testimonium
936 4343 1090 4406 denuntiavi,
1112 4362 1214 4412 quorum
1232 4348 1333 4397 nomina
1349 4345 1422 4398 edidi

95 4429 195 4484 Metello
215 4473 295 4488 .....
316 4435 399 4488 adbuc
416 4453 466 4488 non
485 4443 612 4487 veneunt.
650 4438 682 4487 In
706 4437 803 4487 iudicio
827 4437 929 4502 publico
954 4439 1043 4502 pupuli
1062 4437 1173 4489 Romani
1191 4454 1238 4503 per
1256 4442 1419 4504 magistratus

97 4526 266 4596 cuiuscumque
285 4531 385 4580 ordinis
403 4529 577 4580 testimonium
597 4529 744 4580 denuntiari
758 4531 871 4594 potuisse
891 4529 919 4590 (l.
938 4536 1018 4594 repet.
1038 4545 1061 4580 r.
1075 4529 1121 4592 31)
1141 4539 1340 4582 consentaneum
1354 4541 1400 4583 est.

165 4617 189 4682 ¹)
215 4622 316 4672 Probus
341 4623 374 4672 de
392 4623 460 4672 notis
479 4637 505 4686 p.
520 4623 574 4672 2⁷4
593 4623 633 4672 ed.
653 4637 740 4672 mese:
768 4622 857 4688 quanti
875 4637 905 4672 ea
922 4638 964 4672 res
982 4623 1038 4684 erit,
1059 4629 1144 4673 tarrtue
1156 4623 1281 4690 pecuniae
1298 4623 1420 4676 iudicium

97 4715 298 4777 recuperatorium
322 4711 388 4766 dubo
413 4711 562 4781 testibusque
581 4712 685 4782 publice
704 4711 762 4764 dum
780 4721 854 4764 tacut
872 4713 953 4765 decem
972 4713 1137 4765 denuntiandi
1148 4699 1298 4784 potestatem
1308 4717 1417 4781 sociem.

97 4801 208 4853 Edictum
218 4807 330 4871 Augusti
351 4807 383 4856 de
403 4821 484 4872 aquae
504 4807 581 4856 ductu
591 4807 740 4856 Venafrano
760 4807 876 4868 (Heuzen
891 4807 986 4869 ottob
1006 4823 1059 4857 eum
1079 4809 1123 4874 qui
1139 4809 1206 4860 inte-r
1224 4811 1288 4860 ciuis
1305 4816 1329 4859 et
1345 4826 1417 4877 pere·

97 4894 178 4956 ymnos
200 4897 238 4947 ius
260 4895 328 4950 dicet
350 4895 471 4949 iudicium
493 4899 700 4966 reciperatorium
718 4900 745 4949 in
763 4899 879 4966 singulus
899 4915 940 4950 res
958 4896 1009 4950 HS
1026 4882 1059 4950 X
1070 4899 1176 4952 reddere
1194 4900 1342 4969 testibusque
1361 4901 1418 4952 dum

99 4989 164 5036 torm
182 4983 209 5038 Χ
228 4988 406 5040 denuntiaretis
430 4988 525 5054 [immo
549 4989 715 5042 mircoriensis·
731 4991 896 5059 potestatem]
913 4992 1005 5057 secere
1020 4993 1121 5060 placet,
1146 4992 1204 5044 dum
1222 4995 1418 5062 reciperatorem

99 5077 192 5129 reiectio
207 5082 272 5132 inter
289 5099 343 5134 eum
362 5084 406 5150 qui
423 5091 482 5152 aget
499 5091 524 5134 et
541 5099 594 5134 eum
613 5100 716 5151 Qucum
735 5091 824 5152 egetur
842 5085 881 5146 itu
893 5083 964 5152 fia[t‚
984 5093 1013 5135 ut
1031 5085 1084 5156 lege
1101 5084 1183 5152 Iulia]
1204 5103 1268 5154 quoe
1281 5085 1311 5138 de
1324 5087 1417 5138 iudicis

98 5154 200 5234 priiats
216 5173 270 5224 leta
287 5181 326 5226 est
344 5173 429 5226 lr'cebit
447 5174 578 5244 oportebit.
1197 5231 1202 5242 ,

169 5261 194 5326 ⁴)
220 5267 279 5333 Dig.
293 5269 337 5331 22,
352 5267 377 5330 b,
393 5269 418 5319 4.
445 5269 510 5320 Post
529 5266 632 5320 libertos
650 5275 791 5336 sequuntur
803 5269 882 5320 rerba
900 5271 1012 5322 insiticia
1030 5287 1106 5338 neque
1125 5269 1212 5324 liberti
1229 5271 1351 5324 Monens
1365 5289 1414 5341 pu·

101 5358 187 5406 nones.

170 5445 193 5509 ⁵)
219 5449 367 5518 Composuit
385 5453 457 5504 locos
476 5455 600 5506 Klenzius
619 5455 646 5505 in
666 5453 726 5520 eph.
745 5455 905 5522 Sarigoieua
921 5457 985 5508 iuris
1004 5455 1120 5508 historici
1140 5457 1165 5521 6,
1180 5459 1225 5510 99.
1300 5499 1302 5504 .
