3504 6004
100 663 142 712 aas
532 662 586 713 no
605 627 763 714 muvuos
781 661 977 714 fflsrsuos.
1338 641 1411 712 247

848 765 878 770 .-
901 765 975 770 ...h-
998 765 1029 770 -
1052 763 1413 770 —...-.—---——-..—-

97 841 234 908 quattuor,
253 833 295 891 ita
314 841 347 892 nt
361 835 458 910 prima
472 835 623 912 gentilicis
637 836 788 894 contineat
801 836 937 895 breviata
950 836 1125 912 plerumque
1141 835 1283 912 (excepto
1299 833 1415 906 ultimo,

96 935 202 993 scilicet
220 935 350 994 hominis
370 937 420 1014 qui
443 957 534 996 uuum
557 947 672 997 tantum
694 956 802 997 nomen
824 939 944 1015 gessit),
966 948 999 997 ut
1027 939 1100 1010 dixi,
1123 938 1217 997 altera
1237 936 1416 1013 cognomina

94 1039 248 1113 perscripta
259 1037 334 1114 (uno
350 1049 475 1116 excepto
484 1041 678 1116 paenultimo‚
693 1041 775 1116 quod
789 1060 856 1101 oum
872 1059 981 1100 nomen
991 1042 1120 1100 hominis
1136 1041 1201 1100 eius
1217 1039 1415 1117 perscriptum

94 1140 129 1198 sit
149 1141 250 1212 solum,
270 1141 302 1200 in
324 1141 443 1201 tertiam
466 1143 636 1202 columnam
660 1143 778 1220 cessit),
808 1145 897 1203 tertia
918 1143 1109 1204 condiciones
1132 1145 1280 1215 virorum,
1307 1149 1416 1218 quarta

94 1242 231 1301 mulieres.

167 1345 344 1406 Nominibus
366 1348 527 1424 gentiliciis
550 1360 652 1408 carent
672 1349 782 1410 Etenna
797 1349 887 1426 fullo,
910 1349 1048 1426 Pelagius
1064 1351 1219 1421 riccarius,
1242 1349 1415 1408 Aenaristns

93 1465 190 1505 ancus.
231 1449 427 1526 Reliquorum
454 1460 516 1512 tam
549 1453 673 1512 uomina
700 1472 791 1529 quam
820 1453 1000 1530 cognomina
1020 1451 1132 1512 Latina
1158 1452 1207 1510 vel
1230 1449 1416 1512 Graecanica

93 1551 221 1626 vulgaria
248 1563 319 1612 sunt
340 1555 476 1632 exceptis
499 1557 729 1633 cognominibus
752 1555 815 1615 his:

526 1717 528 1722 .
614 1659 761 1719 Missillns
782 1679 811 1716 v.
829 1657 867 1716 21

616 1761 750 1821 Morinos
771 1781 800 1821 v.
819 1761 856 1820 19

622 1851 781 1924 Vclodclns'
794 1883 821 1921 v.
836 1863 876 1922 20

92 1978 159 2039 Cum
180 1983 310 2042 Missillo
338 1985 531 2043 conferantur
552 1985 705 2044 Medsillns
732 1983 761 2042 V
784 1983 879 2056 5527,
907 1983 1026 2044 Mssilla
1046 1985 1094 2044 III
1123 1983 1203 2044 1872
1229 1983 1306 2042 1901
1332 1983 1412 2042 3105

92 2083 174 2156 3990,
197 2085 355 2146 Meddillns
377 2086 438 2144 v11
463 2087 552 2160 1336,
580 2106 628 2146 ssu.
672 2087 809 2146 Moriuus
838 2095 939 2164 potest
964 2087 1075 2146 rustice
1101 2088 1245 2164 scriptum
1269 2103 1337 2145 esse
1359 2104 1414 2162 pro

90 2185 235 2258 Maurino;
272 2190 325 2247 sed
352 2190 415 2248 uoti
443 2191 532 2249 etiam
560 2189 672 2248 Morini
706 2189 738 2247 in
775 2188 893 2248 Galliae
919 2187 1051 2266 Belgica
1085 2194 1088 2205 '
1115 2189 1264 2250 Voloddns
1294 2189 1416 2248 omniuo

89 2291 290 2366 peregrinum3
313 2292 416 2350 confer
437 2291 582 2351 Attondns
604 2292 638 2351 II
660 2291 699 2350 76
722 2293 813 2351 4980.

165 2393 308 2452 Mulieres
336 2411 391 2452 sex
419 2393 486 2468 (aut
507 2393 651 2470 quinque)
686 2412 798 2453 uxores
833 2395 969 2454 videntur
995 2395 1090 2454 fuisse
1118 2412 1220 2452 eorum
1249 2393 1415 2466 hominum,

89 2510 208 2566 quorum
231 2497 352 2554 nomina
377 2497 482 2556 eodem
504 2515 594 2555 versu
617 2497 731 2575 scripta
752 2505 833 2569 sunt,
861 2496 987 2574 Callope
1009 2497 1114 2556 Parati
1141 2505 1171 2555 et
1198 2497 1242 2555 sic
1263 2495 1415 2573 deinceps.

88 2593 172 2654 Botia
192 2617 222 2655 v.
246 2599 284 2656 14
310 2617 381 2657 num
403 2599 547 2658 Maritimi
573 2602 637 2658 sive
659 2619 737 2659 uxor
757 2599 847 2659 fuerit
873 2601 937 2660 sive
958 2599 1125 2660 concubina
1151 2597 1281 2658 dubitari
1302 2607 1415 2677 potest3

88 2698 210 2758 sortasse
232 2699 355 2760 Valeria
388 2701 524 2774 Donata,
561 2703 786 2762 cuius-nomen
820 2702 972 2780 praecedit
1004 2703 1144 2778 proximo
1171 2720 1270 2773 versu,
1307 2700 1415 2758 Botiae

88 2819 190 2860 nomen
214 2803 404 2880 peregrinum
425 2823 479 2882 pro
502 2804 596 2864 altero
612 2806 790 2882 cognomine
811 2805 940 2864 retinuit.
983 2805 1109 2864 Bouttos
1123 2804 1244 2874 Boutta,
1267 2801 1417 2880 aquibus

88 2902 171 2960 Batia
192 2923 255 2963 non
275 2905 394 2966 videtur
415 2907 567 2967 diversum
589 2926 671 2981 esse,
697 2909 729 2967 in
750 2907 909 2968 Lusitania
935 2907 1123 2984 potissimum
1145 2905 1314 2998 frequentia
1335 2912 1416 2963 sunt.

88 3003 227 3065 Eiusdem
248 3008 366 3085 generis
393 3019 464 3069 sunt
489 3009 589 3070 Britta
613 3031 642 3069 v.
668 3013 706 3071 15
728 3009 778 3086 (cl.
800 3011 834 3068 11
859 3009 952 3086 1335)
981 3017 1010 3070 et
1032 3011 1153 3079 Aocnc3
1180 3027 1309 3085 quocum
1337 3025 1418 3066 com-

87 3110 253 3181 paraverim
273 3110 372 3171 *Auno
395 3112 428 3170 11
453 3111 531 3171 1775
554 3119 586 3172 et
606 3114 774 3174 Auncncnrn
796 3113 895 3192 gentis
921 3121 955 3171 ut
976 3113 1094 3172 videtur
1115 3130 1225 3171 nomen
1246 3110 1280 3169 11
1303 3107 1395 3168 2827.

164 3265 365 3328 Condiciones
388 3269 537 3328 sodalium
559 3271 728 3330 iudicantur
749 3271 821 3330 hae:

441 3372 594 3432 Amainins
616 3393 643 3431 v.
662 3372 700 3432 22

441 3476 588 3535 ciaconius
610 3497 638 3536 v.
653 3476 692 3536 26

433 3577 514 3660 sollo
537 3597 564 3637 v.
582 3578 630 3638 20.
648 3579 687 3637 23

437 3685 619 3754 pectenarins
642 3699 670 3739 v.
687 3681 723 3739 17

439 3791 520 3840 antor
541 3801 570 3841 v.
587 3782 623 3841 21

440 3883 557 3944 libertus
577 3886 722 3964 gentilis)
744 3905 771 3944 v.
791 3888 828 3946 13

523 3988 670 4064 lib(ertns)
684 3987 830 4065 gentilis)
845 4008 874 4046 v.
889 3989 935 4046 14.
955 3987 1003 4046 15.
1022 3987 1059 4046 16

439 4089 567 4167 ser(ons)
590 4090 733 4168 canaitis)
756 4111 784 4150 v.
801 4089 841 4149 24

165 4313 292 4374 Praeter
313 4313 496 4387 Amainium,
525 4333 614 4392 quam
641 4323 713 4391 puto
735 4314 912 4391 gentilitatis
935 4312 1144 4372 indicationem
1174 4327 1242 4368 esse
1264 4310 1327 4369 siue
1350 4329 1418 4388 cog-

91 4431 191 4474 nomen
219 4417 344 4475 alterum
373 4415 420 4490 (ut
447 4417 535 4475 Botis
561 4437 589 4475 u.
619 4417 682 4492 14),
711 4425 790 4476 artes
823 4416 949 4476 clavarii
976 4415 1027 4490 (cf.
1061 4415 1206 4473 riccarius
1233 4416 1419 4471 materiarius

90 4515 162 4575 tituli
183 4517 393 4577 Narbonensis
416 4517 510 4577 Orell.
533 4518 629 4589 41643
656 4519 761 4596 glossa
786 4509 920 4589 ἥλικέπος
947 4519 1108 4589 clocarium
1136 4515 1300 4574 clavarium
1329 4515 1419 4572 dona·

91 4619 177 4679 tirum
205 4623 315 4680 milites
336 4631 442 4698 petunt
464 4621 543 4697 apud
566 4621 705 4679 Tacitum
729 4621 797 4680 hist.
815 4623 843 4692 3,
857 4619 921 4696 50),
948 4621 1111 4690 lullonum,
1138 4617 1301 4694 pontenarii
1324 4614 1421 4692 (quod

92 4721 164 4780 solet
181 4728 361 4799 pectinarius
377 4724 466 4782 scribi
481 4725 513 4781 in
534 4723 639 4794 titulis,
662 4741 737 4798 quos
753 4725 865 4782 indicat
883 4723 1075 4782 Furlauettus
1092 4720 1171 4796 apud
1186 4719 1417 4788 Forcellinium3

92 4844 154 4883 nam
169 4828 247 4902 apud
258 4828 426 4902 'scriptores
447 4827 507 4903 legi
523 4845 584 4884 non
606 4825 749 4902 videtur),
771 4827 881 4885 sutoris
904 4835 992 4884 notae
1013 4824 1191 4883 indicantur.
1227 4819 1368 4880 Libertus
1391 4827 1420 4877 ct

94 4943 204 4987 servum
224 4951 277 5006 nen
293 4973 300 4987 .
318 4974 350 4988 ..
372 4929 499 5006 gentiles
522 4937 594 5005 puto
615 4927 709 4987 fuisse
729 4927 795 5003 (vix
817 4929 896 4987 enim
919 4928 979 4985 alia
1001 4928 1089 4985 trium
1112 4926 1230 4983 illarum
1252 4923 1419 4981 litterarum

94 5031 247 5105 explicatio
264 5033 433 5092 invenietur
446 5029 637 5108 probabilis),
653 5031 767 5090 scilicet
778 5031 874 5108 gentis
885 5030 1099 5108 gentilitatisve
1115 5027 1249 5097 alicuius,
1270 5025 1374 5102 quales
1388 5023 1419 5081 in

95 5135 257 5208 regionibns
269 5111 816 5209 illisscimussuperfuisseexvetustc
830 5133 976 5190 barbarie.
1001 5129 1286 5206 Servumgentilicio
1300 5127 1419 5184 nomine

94 5249 188 5295 carere
209 5257 263 5313 par
284 5246 344 5309 est;
371 5237 497 5296 libertos
529 5244 671 5312 quattuor
697 5235 851 5294 Publicios
880 5235 976 5293 dictos
1004 5253 1071 5292 esse
1093 5241 1164 5308 puto
1194 5231 1268 5306 (non
1290 5228 1416 5287 Publios

96 5336 138 5392 vel
160 5339 321 5416 Publilios)
344 5359 383 5398 ex
406 5359 487 5398 more
510 5347 595 5397 sueto
612 5337 653 5413 (v.
678 5355 769 5415 supra
790 5358 819 5415 p.
837 5337 900 5412 89),
924 5337 1038 5395 scilicet
1060 5353 1078 5392 a
1099 5334 1220 5412 publico
1242 5330 1419 5408 gentilitatis
