3504 6004
534 649 588 698 nn
606 647 707 698 nonu
725 644 855 698 nnsnn.
876 646 962 697 inv.
1332 610 1408 694 215

135 821 167 878 V.
187 821 280 878 7-16
315 821 465 880 restitutio
497 838 585 897 quam
618 823 762 899 proposui
794 839 873 880 novo
901 820 1068 898 fragmento
1097 819 1234 878 adiuncto
1262 837 1321 878 non
1349 839 1411 876 mu-

101 933 179 982 titur.

134 1024 166 1083 V.
189 1025 225 1082 17
252 1026 422 1103 imperatori
448 1026 507 1084 iam
538 1025 655 1085 restitui
681 1025 796 1084 titulum
821 1029 949 1104 principi
971 1029 1141 1102 parentique
1165 1034 1261 1084 nosco
1291 1023 1409 1082 collatis

100 1129 164 1186 actis
187 1148 214 1186 a.
232 1127 295 1186 139.

134 1231 168 1288 V.
184 1230 230 1288 21.
247 1229 283 1288 22
306 1230 412 1288 fratres
433 1231 483 1307 qui
498 1231 656 1291 adfuerunt
670 1233 837 1290 accuratius
852 1233 1055 1292 innotescunt:
1078 1231 1110 1290 in
1124 1229 1323 1308 promagistro
1338 1236 1411 1288 nota

101 1333 230 1392 omissum
251 1351 317 1392 esse
339 1352 513 1410 cognomen.

133 1433 166 1491 V.
183 1433 220 1491 23
246 1437 300 1493 etsi
328 1436 447 1512 plenius
476 1454 553 1494 nunc
574 1437 713 1514 leguntur
735 1438 856 1496 nomina
878 1438 1047 1509 consulum,
1074 1435 1218 1495 Aucidius
1240 1443 1269 1492 et
1292 1432 1408 1494 Gavius

100 1537 140 1612 qui
160 1536 263 1596 fuerint
284 1557 344 1596 non
367 1538 461 1614 magis
484 1547 608 1596 constat.
650 1538 764 1598 Gavius
786 1541 937 1598 Maximus
962 1538 1106 1598 Antonini
1128 1537 1176 1595 Pii
1199 1536 1291 1614 praef.
1314 1545 1408 1611 praet.

99 1635 197 1714 (Capit.
223 1641 295 1698 Ant.
322 1639 359 1698 P.
387 1640 443 1714 8),
473 1641 603 1716 equestri
630 1643 720 1718 igitur
748 1643 908 1700 etiamtunc
937 1642 1079 1718 dignitate
1106 1641 1258 1718 praeditus
1287 1639 1408 1697 omnino

99 1739 221 1800 diversus
246 1742 303 1799 fuit
329 1742 367 1800 ab
395 1743 450 1800 hoc
471 1743 593 1802 consule
615 1744 655 1802 M.
679 1742 784 1802 Gavio.
831 1743 969 1822 Cogitavi
994 1744 1030 1801 de
1055 1742 1097 1801 M.
1122 1740 1220 1802 Gavio
1242 1741 1278 1800 T.
1301 1741 1322 1798 f.
1341 1740 1407 1800 Vel.

99 1843 214 1918 Appalio
239 1843 372 1902 Maximo
402 1864 427 1902 o.
456 1865 482 1902 v.
514 1846 612 1918 sodali
639 1845 833 1916 Hadrianali‚
860 1847 959 1923 legato
990 1845 1162 1921 provinciae
1190 1843 1409 1915 Narbonensis,

98 1955 239 2019 quaestore
264 1946 397 2023 Augusti
425 1947 552 2022 (Murat.
578 1947 650 2020 192,
677 1951 722 2024 1);
751 1950 805 2008 sed
831 1949 930 2006 obstat
958 1948 1061 2006 titulus
1089 1947 1247 2005 clarissimi
1276 1947 1332 2004 viri
1359 1945 1408 2004 Pii

99 2055 180 2106 aetate
200 2066 302 2126 parum
326 2049 463 2108 usitatus.
507 2049 548 2108 M.
572 2047 688 2110 Gavius
711 2050 787 2109 alius
812 2049 925 2109 Orfitus
948 2051 1043 2110 fasces
1065 2051 1158 2126 gessit
1179 2069 1206 2106 a.
1225 2049 1292 2108 165.

131 2147 165 2206 V.
180 2149 227 2208 24.
244 2147 282 2209 25
309 2150 427 2209 litterae
453 2168 528 2210 rans
553 2153 584 2208 in
605 2152 664 2210 fine
686 2172 712 2210 v.
729 2151 768 2211 24
789 2161 925 2229 repertae
950 2152 1168 2211 restitutionem
1188 2151 1218 2208 in
1240 2151 1318 2208 libro
1340 2169 1408 2226 pro·

98 2253 211 2326 positam
239 2253 452 2312 immutandam
475 2271 543 2312 esso
565 2253 734 2314 ostendunt.
778 2253 897 2314 Nomen
917 2254 1108 2334 promagistri
1131 2254 1283 2329 desumpsi
1305 2272 1344 2311 ex
1368 2252 1406 2310 29

98 2355 195 2413 omisso
220 2355 396 2433 cognomine
420 2367 544 2432 propter
565 2358 733 2434 augustiam
756 2358 858 2434 spatii:
883 2356 919 2416 os.
941 2378 969 2416 v.
987 2355 1035 2414 21.

131 2455 164 2514 V.
179 2455 216 2515 28
244 2456 281 2516 L.
304 2455 463 2518 Lollianus
487 2459 596 2538 Aqitus
623 2479 698 2537 puer
724 2469 912 2535 potestesse
933 2456 968 2517 L.
992 2457 1108 2518 Hedius
1130 2457 1228 2518 Rufus
1250 2456 1407 2516 Lollianus

97 2557 191 2616 Avitus
212 2560 248 2632 is,
271 2561 323 2636 qni
345 2579 423 2620 anno
437 2559 496 2618 170
517 2563 594 2620 inter
615 2562 708 2621 salios
724 2561 879 2622 Palatinos
902 2569 1059 2640 cooptatus
1075 2570 1133 2620 est:
1157 2559 1193 2620 cf.
1209 2560 1318 2620 Marini
1335 2559 1406 2619 Arc.

98 2677 121 2734 p.
137 2661 188 2720 166
210 2669 240 2720 et
262 2661 408 2740 Borghesi
431 2681 547 2723 cencres
569 2665 588 2722 4
610 2684 640 2742 p.
656 2664 716 2722 510
729 2681 795 2741 sqq.

1148 2800 1196 2858 W.
1219 2799 1363 2858 Hnuznn.
