3484 6006
551 563 744 614 Pannonia
764 564 949 615 INFERIOR.

599 969 733 1032 ssuvs
756 973 799 1052 (p.
815 975 899 1052 459).

80 1228 138 1288 718
162 1227 263 1288 Grani
287 1249 350 1306 rep.
373 1248 418 1287 am
440 1229 604 1304 Ztepelosen
625 1229 669 1286 bei
690 1231 743 1288 den
767 1231 1004 1306 Capitelddusern
1026 1233 1057 1290 in
1080 1231 1280 1292 fundamentis
1304 1235 1410 1292 domus

115 1331 294 1403 cuiusdam
317 1331 409 1390 altera
430 1349 501 1408 pars
524 1339 609 1390 extat
631 1333 711 1407 apud
731 1333 907 1392 canonicum
922 1332 1056 1406 Knauss,
1079 1335 1175 1393 altera
1196 1335 1226 1394 16
1248 1335 1410 1410 archiepis·
1465 1387 1467 1392 .

115 1453 214 1512 cupro.

727 1637 733 1703 1

395 1695 929 1747 {nasamonas-emessam
965 1699 1018 1740 DD
1054 1700 1110 1740 ΝΝ

393 1797 705 1840 VALENTINIANVS
723 1755 763 1898 (ff
782 1799 925 1842 votens
951 1801 1111 1843 FRATRES
1150 1861 1152 1864 Ι

401 1899 927 1946 concoaulsstmtvrcroaes
949 1903 1111 1945 ΜΑΧΙΜΙ

394 2002 434 2046 ΑΕ
468 2002 724 2046 rnlvmrttnroats
768 2005 941 2060 senreanE
980 2005 1111 2048 AVGVSTI

341 2109 353 2147 1
394 2104 521 2147 MVROS
550 2103 627 2146 CVM
654 2103 834 2148 Tvarravs
872 2105 1007 2149 HORVM
1042 2107 1109 2150 ΕΑΒ

392 2207 524 2249 TRORVM
545 2209 565 2247 Α
594 2207 802 2250 {evomamus
831 2207 1107 2252 Fvnnnmenro

382 2265 463 2351 lavia
482 2307 959 2352 consvaceaelnreanavnr
994 2311 1109 2354 DfSi'O

393 2410 692 2466 neureeoyniovc
727 2412 825 2455 6666
846 2413 913 2477 nse
941 2413 1110 2468 erirvn

394 2513 601 2568 rrmrvnst
634 2514 818 2556 curatura
854 2513 1108 2559 svovsrmno

325 2619 350 2658 ro
392 2601 704 2658 vitamaricttarr
736 2615 1110 2661 VPETDVCEVAL·L1M1T18

393 2740 506 2783 NVidil
537 2740 708 2784 CLEMENTIE
725 2743 752 2798 ὶ,
771 2741 880 2785 anvro
908 2739 1108 2785 nicartsstmts

80 3069 234 3150 Descripsi
258 3083 414 3150 utramque
437 3083 552 3149 partem
575 3085 604 3132 et
625 3076 768 3134 coniunxi
791 3077 821 3134 in
843 3096 875 3134 re
896 3077 1057 3152 praesenti.

118 3173 234 3236 Similis
257 3184 304 3234 est
322 3177 399 3236 tituli
421 3197 450 3234 n.
468 3177 547 3235 3653
572 3178 680 3236 ibidem
706 3179 830 3254 reperti,
860 3180 913 3236 sed
939 3179 987 3236 hio
1014 3186 1111 3234 aetate
1133 3176 1285 3252 praecedit
1312 3179 1405 3255 scrip-

80 3285 122 3333 tus
149 3289 312 3356 antequam
336 3277 501 3338 Gratianus
525 3281 679 3357 Augustus
704 3281 802 3339 faetus
828 3291 875 3339 est
901 3281 949 3338 die
978 3278 1016 3338 24
1038 3283 1117 3354 Aug.
1141 3277 1217 3349 367,
1245 3289 1404 3354 postquam

81 3376 215 3453 Equitius
240 3383 337 3441 faetus
365 3391 411 3438 est
432 3383 574 3458 magister
596 3382 737 3454 militum,
764 3383 796 3440 id
817 3383 897 3458 quud
919 3381 1097 3440 Ammianus
1126 3378 1175 3450 26,
1199 3380 1227 3451 5,
1253 3383 1288 3438 ll
1313 3383 1405 3460 signi-

82 3479 144 3538 fieat
164 3485 302 3544 evenisse
325 3503 351 3540 a.
370 3482 429 3542 365
453 3493 590 3554 exeunte,
612 3493 642 3542 et
656 3492 739 3542 extat
760 3485 934 3542 constitutio
950 3484 1019 3542 data
1041 3483 1068 3542 d.
1086 3482 1167 3558 Sept.
1186 3481 1224 3540 24
1247 3485 1318 3541 anni
1340 3485 1404 3542 eius

82 3582 193 3643 adeum
209 3586 348 3645 comitem
364 3595 393 3644 et
407 3587 582 3662 magistrum
599 3587 735 3645 rnilitum.
773 3586 885 3644 Mansit
899 3595 996 3644 autem
1008 3587 1040 3643 in
1055 3583 1154 3642 officio
1169 3583 1310 3659 Equitius
1326 3595 1404 3644 certe

82 3683 115 3738 ad
135 3707 159 3743 a.
173 3689 234 3746 373
259 3688 422 3764 (Ammian.
437 3687 486 3760 29,
500 3689 528 3760 6,
540 3689 581 3764 3).
626 3689 731 3764 Itaque
755 3689 931 3765 disponente
946 3688 1068 3764 Equitio
1089 3687 1166 3745 inter
1181 3697 1353 3746 autumnum
1376 3710 1402 3747 a.

83 3782 134 3846 365
156 3800 186 3848 et
206 3798 382 3849 autumnum
405 3809 431 3847 a.
456 3790 515 3847 367
540 3802 705 3848 castrorum
729 3789 918 3850 Salvensium
941 3789 1142 3848 fundamentis
1164 3790 1272 3864 positis
1296 3791 1403 3848 deiude

83 3905 104 3942 a.
126 3891 179 3949 371
206 3894 321 3969 burgus
343 3891 562 3951 Commereium
585 3894 681 3951 factus
704 3901 759 3964 est,
782 3893 867 3950 euius
890 3899 937 3950 est
958 3892 1062 3949 titulus
1085 3911 1112 3948 6.
1135 3891 1224 3950 3653.
1269 3892 1402 3968 Burgum

83 4007 140 4048 eum
163 4003 196 4051 ut
218 3995 291 4052 fecit
310 3995 467 4053 Fosoanus
490 3994 541 4069 qui
564 3995 681 4067 dieitur,
708 3995 896 4072 praepositus
922 3994 1050 4070 legionis
1079 3995 1192 4068 primae
1214 3993 1401 4066 Martiorum,

84 4088 119 4148 ita
138 4107 238 4154 castra
258 4096 338 4154 facta
360 4103 429 4155 sunt
451 4107 569 4155 curante
583 4097 762 4173 Aupustr'ano
785 4099 854 4155 duce
873 4095 1032 4171 Val(eriue)
1057 4097 1164 4166 limitis,
1186 4113 1274 4170 quem
1297 4096 1401 4155 ducem

84 4190 125 4251 his
149 4197 224 4257 loeis
246 4199 413 4274 praefuisse
441 4199 515 4256 satis
541 4207 718 4258 constater
737 4197 854 4257 Notitia
874 4198 1061 4274 Dignitatum
1084 4216 1144 4256 666.
1169 4216 1197 4272 p.
1216 4195 1264 4255 23.
1289 4199 1327 4256 94
1351 4199 1400 4274 (ef.

85 4295 134 4352 vol.
153 4299 198 4358 111
222 4321 251 4378 p.
269 4299 354 4375 416),
378 4301 470 4359 fuisse
493 4301 548 4359 sub
571 4301 767 4378 dispositione
794 4301 929 4378 magistri
956 4300 1081 4358 miiitum
1109 4319 1163 4374 per
1184 4299 1340 4376 Illyricum
1363 4321 1401 4359 ex

84 4393 132 4455 hoo
145 4401 230 4461 titulo
246 4411 378 4478 apparet.
424 4401 483 4462 Sed
500 4402 535 4459 de
556 4403 663 4462 litteris
679 4422 756 4479 quae
777 4404 808 4461 in
830 4404 1029 4480 prioreparte
1052 4421 1078 4460 r.
1098 4403 1134 4460 10
1156 4413 1225 4461 sunt
1245 4402 1402 4462 fueruntve

85 4507 228 4563 nonsatis
251 4513 378 4562 constat.
424 4503 508 4576 Quae
531 4505 645 4563 deletae
668 4515 747 4575 sunt,
776 4506 842 4564 solo
866 4505 983 4563 scribae
1005 4505 1091 4581 lapsu
1118 4505 1166 4563 hio
1190 4504 1327 4562 videntur
1349 4524 1401 4580 po·

84 4599 149 4660 sitae
174 4607 283 4677 fuisse,
305 4625 359 4664 nec
381 4606 509 4665 fortasse
532 4607 611 4666 aliud
634 4608 675 4665 ibi
698 4609 754 4666 fuit
776 4627 865 4684 quam
888 4623 931 4664 v·
948 4622 966 4665 c
984 4638 990 4650 ·
1007 4622 1121 4665 contre
1143 4607 1221 4664 male
1242 4607 1409 4682 repetitum

86 4718 117 4758 tx
142 4725 166 4765 r.
182 4709 210 4766 8.
255 4707 343 4783 Quod
365 4709 501 4784 sequitur
524 4725 560 4767 ra
583 4709 704 4785 (deinde
727 4717 825 4786 potest
847 4710 974 4785 periisse
996 4708 1096 4766 littera
1118 4727 1178 4766 una
1199 4709 1338 4784 angusta)
1362 4726 1400 4767 vr

85 4799 136 4873 (rei
152 4811 195 4886 vr)
223 4819 253 4867 et
273 4811 372 4888 ipsum
395 4811 569 4885 impeditum
592 4823 647 4881 est,
670 4811 810 4870 sedeam
834 4822 862 4869 et
884 4811 1151 4887 perfectissimatus
1173 4811 1314 4870 indicatio
1338 4833 1399 4870 orn·

85 4903 144 4964 nino
164 4913 332 4988 requiratur
355 4911 406 4987 (of.
431 4912 489 4970 vol.
505 4912 554 4970 111
578 4931 604 4987 p.
625 4914 718 4988 1157)
748 4923 775 4971 et
797 4924 822 4971 et
844 4915 1022 4972 vocabulum
1045 4913 1171 4972 alterum
1193 4913 1324 4972 officium
1346 4915 1398 4972 fla·

85 5005 158 5083 tutet,
185 5023 257 5090 puto
285 5014 328 5072 ita
355 5014 517 5092 significari
541 5019 737 5090 praepositum
766 5016 861 5092 (operi
885 5016 1012 5090 seilicet)
1039 5020 1130 5072 uirum
1151 5019 1399 5090 perfectissimum,

85 5123 249 5191 quamquam
271 5135 329 5174 666
352 5117 457 5192 ignoro
480 5117 668 5176 scribendum
692 5117 783 5176 fuisse
805 5117 904 5192 potius
927 5139 951 5176 v.
971 5138 1003 5193 p.
1023 5137 1072 5193 pr.
