3548 6012
192 2337 276 2448 DII
314 2337 532 2450 FASTIS
570 2339 901 2452 FERIARVM
938 2339 1324 2454 LATINARVII.

104 2908 283 3050 Feriarum
305 2991 466 3051 latinarum
489 2993 558 3052 lasti
580 2993 674 3069 lapidi
696 2993 785 3052 incisi
805 2993 868 3052 erui
884 2994 981 3072 coepti
997 3003 1068 3054 sunt
1082 3013 1160 3054 aurio
1178 2993 1258 3053 1570
1274 3013 1290 3051 e
1305 3012 1423 3052 summo

104 3093 199 3157 vertice
221 3101 332 3152 montis
355 3095 465 3154 albuni.
498 3093 572 3154 Inde
595 3095 722 3154 Fulvius
745 3094 875 3155 Ursinus
897 3097 1002 3156 habuit
1023 3097 1222 3174 fragmentum
1244 3096 1308 3154 eius
1330 3096 1423 3154 lusto-

103 3213 157 3252 rum
177 3195 346 3269 columnae,
372 3216 433 3274 qua
453 3198 524 3255 anni
548 3196 712 3256 tut-732
735 3211 820 3256 erant
841 3198 997 3274 descripti:
1026 3200 1112 3275 isque
1134 3199 1212 3276 lapis
1234 3199 1322 3257 otiam
1346 3217 1424 3256 nunc

103 3307 227 3374 superest
241 3300 407 3358 translatus
422 3300 454 3357 in
469 3317 604 3358 museum
621 3299 842 3376 neapolitanum
866 3298 916 3376 (0.
931 3299 1004 3360 1.1..
1021 3301 1036 3358 I
1059 3322 1088 3379 p.
1103 3301 1174 3374 472,
1189 3301 1282 3360 VIII:
1306 3299 1342 3359 cl.
1360 3301 1424 3358 Ma·

103 3399 160 3472 rini,
182 3402 250 3459 Aru.
271 3423 301 3479 p.
322 3402 493 3478 139,140).
535 3400 642 3481 Longo
665 3403 791 3460 duorum
814 3403 1000 3462 saeculorum
1023 3403 1192 3474 intervallo,
1216 3422 1294 3462 anno
1317 3421 1424 3480 nempe

105 3501 187 3575 1765,
213 3523 278 3562 cum
296 3505 432 3580 ¹vestigia
460 3505 543 3564 aedis
564 3505 647 3563 Iovis
676 3505 792 3562 latiaris
823 3523 901 3563 novo
927 3505 1094 3564 extruendo
1116 3505 1251 3564 aedilicio
1272 3505 1423 3564 disturba·

103 3613 202 3678 rentur,
224 3607 283 3664 alia
303 3615 448 3683 quattuor
462 3607 668 3667 columnarum
689 3605 857 3686 fragmenta
878 3607 908 3664 in
924 3608 1019 3666 lucem
1035 3609 1158 3666 rediere.
1197 3605 1332 3682 Quorum
1355 3627 1422 3684 pur·

103 3715 153 3765 tem
173 3710 302 3786 pessImo
327 3728 400 3769 usus
421 3709 588 3784 exemplari
609 3711 738 3786 primum
762 3710 854 3769 edidit
875 3709 1036 3770 Oderiuius
1066 3710 1150 3787 (syll.
1173 3709 1261 3768 inser.
1285 3729 1314 3788 p.
1331 3708 1421 3784 231);

103 3807 169 3868 idem
194 3811 300 3870 iterum
329 3813 477 3871 recensuit
503 3811 534 3870 in
553 3806 744 3870 ‘Latinarum
772 3813 868 3871 fastos
891 3806 1023 3896 δευτέρας
1044 3803 1206 3895 φροντίδας’
1228 3831 1421 3888 componens,

102 3929 167 3986 quas
196 3914 322 3972 ineditas
350 3923 452 3973 servat
477 3915 573 3972 codex
601 3922 660 3972 vat.
683 3913 762 3972 9127
788 3933 816 3990 p.
834 3915 873 3972 30
897 3933 963 3991 sqq.
1017 3912 1169 3991 Quidquid
1196 3915 1362 3974 litterarum
1391 3915 1422 3972 in

102 4023 231 4086 quattuor
256 4017 318 4076 illis
348 4017 496 4076 columnis
524 4027 681 4092 supererat
702 4036 719 4075 e
739 4016 891 4093 lapidibus
916 4017 947 4076 in
970 4018 1140 4076 vaticanum
1163 4035 1296 4076 museum
1319 4017 1421 4076 inlatis

103 4133 209 4177 summo
236 4120 335 4180 studio
361 4120 514 4196 expressit
538 4129 569 4178 et
595 4119 762 4197 publicavit
786 4119 932 4178 Marinius
960 4118 1047 4196 (Aru.
1070 4138 1099 4194 p.
1118 4119 1202 4194 129).
1249 4117 1421 4177 Nonnullae

102 4225 206 4292 tamen,
234 4241 345 4299 easque
372 4222 497 4280 maximi
523 4221 680 4294 momenti,
708 4221 824 4280 litteras
846 4221 975 4280 Marinio
1003 4220 1084 4280 haud
1105 4221 1187 4280 visas
1213 4221 1244 4279 in
1266 4219 1420 4278 Amadutii

103 4322 209 4382 schedis
232 4325 493 4383 sabinianensibus
516 4335 597 4382 reete
619 4341 687 4382 esse
709 4323 874 4402 descriptas
898 4323 1081 4401 Borglresius
1104 4323 1208 4382 docuit
1235 4321 1319 4400 (opp.
1333 4320 1421 4395 VIII,

103 4422 165 4498 55);
192 4444 282 4503 quare
309 4427 427 4503 lapides
454 4427 523 4484 illos
551 4435 709 4501 antequam
738 4427 807 4485 loco
829 4437 1021 4485 moverentur
1048 4435 1078 4484 et
1105 4425 1195 4484 aliam
1221 4443 1310 4502 super
1331 4425 1421 4482 aliam

102 4525 255 4587 litterarum
276 4531 423 4589 iacturam
444 4529 577 4588 iacerent
591 4528 771 4587 Amadutius
787 4528 907 4588 videtur
928 4529 1106 4606 inspexisse.
1141 4527 1198 4586 His
1213 4527 1302 4585 modo
1322 4547 1421 4585 exem-

102 4627 223 4702 plaribus
244 4640 400 4692 contentos
423 4649 478 4690 nos
501 4649 568 4690 esse
589 4639 717 4709 oportet.
752 4630 838 4690 Haeo
859 4631 936 4689 euim
959 4630 1105 4690 laetorum
1126 4631 1294 4708 fragmenta
1314 4629 1346 4686 in
1361 4627 1421 4686 Va-

103 4733 191 4791 ticano
218 4736 353 4812 nuspiam
382 4743 570 4810 comparent;
598 4752 692 4809 eaque
715 4733 866 4810 quomodo
893 4731 1037 4808 perierint
1064 4752 1157 4808 nuper
1179 4731 1337 4789 didicimus
1366 4731 1422 4788 hac

102 4833 214 4915 losephi
240 4833 422 4897 Melchiorri'
438 4835 476 4894 ad
503 4834 661 4914 Borghesii
691 4835 836 4912 epistulas
862 4834 1067 4894 adnotatione:
1096 4829 1213 4908 ‘suropo
1240 4837 1332 4909 sequti
1357 4837 1423 4908 quei

102 4943 181 4996 massi
200 4941 231 4996 di
250 4959 355 4998 ruarmo
383 4939 519 4997 arideus·
540 4957 559 4995 a
582 4939 687 5011 lustra,
715 4948 846 5014 equeste
873 4939 913 4997 du
940 4957 995 4996 uno
1023 4938 1068 4994 dei
1094 4937 1223 4994 direttori
1249 4935 1368 4994 scaltori
1390 4937 1422 4992 di

104 5039 160 5111 quel
183 5059 272 5100 museo
301 5046 450 5118 impiepcte
477 5059 533 5117 per
559 5059 610 5099 uso
638 5043 669 5099 di
695 5036 870 5117 pavimento’
898 5039 933 5116 (l.
951 5039 1002 5114 o.).
1046 5037 1132 5112 Quos
1159 5055 1254 5096 anuos
1282 5036 1421 5095 consules

103 5141 210 5201 suffecti
231 5153 367 5218 quattuor
388 5144 437 5202 his
459 5143 605 5202 columnis
626 5143 762 5220 inscripti
786 5143 954 5218 designent,
977 5140 1111 5200 Odericii
1131 5148 1161 5198 et
1175 5139 1297 5198 Marinii
1319 5139 1421 5214 dispu-

104 5244 204 5303 tatione
226 5246 413 5306 obscuratum
436 5246 532 5324 magis
555 5254 603 5304 est
623 5263 713 5321 quam
736 5245 942 5302 inlustratum:
966 5263 1044 5303 nuno
1065 5243 1183 5302 denium
1206 5251 1325 5302 constat
1345 5240 1421 5300 illud

103 5346 291 5422 colpruuarum
314 5369 379 5427 par,
401 5349 482 5426 quod
504 5348 628 5408 eandem
651 5347 737 5405 unius
759 5347 868 5424 lapidIs
885 5347 992 5406 faciem
1011 5353 1145 5423 occupat,
1168 5363 1263 5406 annos
1278 5344 1421 5404 exhibere
