<?xml version="1.0" encoding="UTF-8"?>
<!DOCTYPE html PUBLIC "-//W3C//DTD XHTML 1.0 Transitional//EN"
    "http://www.w3.org/TR/xhtml1/DTD/xhtml1-transitional.dtd">
<html xmlns="http://www.w3.org/1999/xhtml" xml:lang="en" lang="en">
 <head>
  <title>
</title>
<meta http-equiv="Content-Type" content="text/html;charset=utf-8" />
  <meta name='ocr-system' content='tesseract 3.04.00' />
  <meta name='ocr-capabilities' content='ocr_page ocr_carea ocr_par ocr_line ocrx_word'/>
</head>
<body>
  <div class='ocr_page' id='page_1' title='image "./ephemerisepigra09instgoog_0170.png"; bbox 0 0 3520 6006; ppageno 0'>
   <div class='ocr_carea' id='block_1_1' title="bbox 398 615 1441 690">
    <p class='ocr_par' dir='ltr' id='par_1_1' title="bbox 398 615 1441 690">
     <span class='ocr_line' id='line_1_1' title="bbox 398 615 1441 690; baseline -0.005 0"><span class='ocrx_word' id='word_1_1' title='bbox 398 635 735 690; x_wconf 78' lang='lat' dir='ltr'>counuurnrmuns</span> <span class='ocrx_word' id='word_1_2' title='bbox 753 633 1031 688; x_wconf 72' lang='lat' dir='ltr'>nmenurnrcun</span> <span class='ocrx_word' id='word_1_3' title='bbox 1051 635 1155 688; x_wconf 78' lang='lat' dir='ltr'>nans.</span> <span class='ocrx_word' id='word_1_4' title='bbox 1369 615 1441 686; x_wconf 83' lang='lat'>159</span> 
     </span>
    </p>
   </div>
   <div class='ocr_carea' id='block_1_2' title="bbox 183 738 388 750">
    <p class='ocr_par' dir='ltr' id='par_1_2' title="bbox 183 738 388 750">
     <span class='ocr_line' id='line_1_2' title="bbox 183 738 388 750; baseline -0.01 1"><span class='ocrx_word' id='word_1_5' title='bbox 183 738 388 750; x_wconf 46' lang='grc' dir='ltr'>ψ.-</span> 
     </span>
    </p>
   </div>
   <div class='ocr_carea' id='block_1_3' title="bbox 379 807 1128 1398">
    <p class='ocr_par' dir='ltr' id='par_1_3' title="bbox 385 807 818 886">
     <span class='ocr_line' id='line_1_3' title="bbox 385 807 818 886; baseline -0.014 -14"><span class='ocrx_word' id='word_1_6' title='bbox 385 810 502 872; x_wconf 84' lang='lat' dir='ltr'>Stenius</span> <span class='ocrx_word' id='word_1_7' title='bbox 525 809 673 886; x_wconf 82' lang='lat' dir='ltr'>Olum.(i)</span> <span class='ocrx_word' id='word_1_8' title='bbox 689 807 818 880; x_wconf 87' lang='lat' dir='ltr'>Virrius,</span> 
     </span>
    </p>

    <p class='ocr_par' dir='ltr' id='par_1_4' title="bbox 382 909 845 984">
     <span class='ocr_line' id='line_1_4' title="bbox 382 909 845 984; baseline -0.006 -11"><span class='ocrx_word' id='word_1_9' title='bbox 382 913 509 974; x_wconf 77' lang='lat' dir='ltr'>Trebius</span> <span class='ocrx_word' id='word_1_10' title='bbox 592 912 681 970; x_wconf 90' lang='lat' dir='ltr'>—ius</span> <span class='ocrx_word' id='word_1_11' title='bbox 695 909 845 984; x_wconf 86' lang='lat' dir='ltr'>Virreius,</span> 
     </span>
    </p>

    <p class='ocr_par' dir='ltr' id='par_1_5' title="bbox 380 1011 783 1092">
     <span class='ocr_line' id='line_1_5' title="bbox 380 1011 783 1092; baseline -0.005 -18"><span class='ocrx_word' id='word_1_12' title='bbox 380 1015 476 1092; x_wconf 80' lang='lat' dir='ltr'>Pl.(?)</span> <span class='ocrx_word' id='word_1_13' title='bbox 498 1015 606 1074; x_wconf 83' lang='lat' dir='ltr'>Assius</span> <span class='ocrx_word' id='word_1_14' title='bbox 627 1011 783 1086; x_wconf 77' lang='lat' dir='ltr'>Bisellius‚</span> 
     </span>
    </p>

    <p class='ocr_par' dir='ltr' id='par_1_6' title="bbox 382 1117 659 1195">
     <span class='ocr_line' id='line_1_6' title="bbox 382 1117 659 1195; baseline -0.004 -18"><span class='ocrx_word' id='word_1_15' title='bbox 382 1117 499 1195; x_wconf 87' lang='lat' dir='ltr'>Oppius</span> <span class='ocrx_word' id='word_1_16' title='bbox 521 1117 659 1188; x_wconf 85' lang='lat' dir='ltr'>Helvius,</span> 
     </span>
    </p>

    <p class='ocr_par' dir='ltr' id='par_1_7' title="bbox 379 1217 671 1291">
     <span class='ocr_line' id='line_1_7' title="bbox 379 1217 671 1291; baseline -0.007 -13"><span class='ocrx_word' id='word_1_17' title='bbox 379 1218 492 1278; x_wconf 89' lang='lat' dir='ltr'>Lucius</span> <span class='ocrx_word' id='word_1_18' title='bbox 514 1217 671 1291; x_wconf 82' lang='lat' dir='ltr'>Octavius,</span> 
     </span>
    </p>

    <p class='ocr_par' dir='ltr' id='par_1_8' title="bbox 380 1319 1128 1398">
     <span class='ocr_line' id='line_1_8' title="bbox 380 1319 1128 1398; baseline -0.005 -14"><span class='ocrx_word' id='word_1_19' title='bbox 380 1321 491 1384; x_wconf 82' lang='lat' dir='ltr'>Statius</span> <span class='ocrx_word' id='word_1_20' title='bbox 513 1319 631 1382; x_wconf 84' lang='lat' dir='ltr'>Gavius</span> <span class='ocrx_word' id='word_1_21' title='bbox 653 1338 708 1380; x_wconf 89' lang='lat' dir='ltr'>nec</span> <span class='ocrx_word' id='word_1_22' title='bbox 729 1320 785 1378; x_wconf 84' lang='lat' dir='ltr'>fari</span> <span class='ocrx_word' id='word_1_23' title='bbox 807 1339 862 1379; x_wconf 88' lang='lat' dir='ltr'>nec</span> <span class='ocrx_word' id='word_1_24' title='bbox 884 1319 983 1380; x_wconf 84' lang='lat' dir='ltr'><strong>dicere</strong></span> <span class='ocrx_word' id='word_1_25' title='bbox 1003 1321 1128 1398; x_wconf 85' lang='lat' dir='ltr'>possint</span> 
     </span>
    </p>
   </div>
   <div class='ocr_carea' id='block_1_4' title="bbox 378 1475 1237 1762">
    <p class='ocr_par' dir='ltr' id='par_1_9' title="bbox 378 1475 1237 1762">
     <span class='ocr_line' id='line_1_9' title="bbox 379 1475 1237 1556; baseline 0 -18"><span class='ocrx_word' id='word_1_26' title='bbox 379 1479 491 1538; x_wconf 87' lang='lat' dir='ltr'>Lucius</span> <span class='ocrx_word' id='word_1_27' title='bbox 514 1476 659 1537; x_wconf 87' lang='lat' dir='ltr'>Octavius</span> <span class='ocrx_word' id='word_1_28' title='bbox 680 1475 841 1537; x_wconf 76' lang='lat' dir='ltr'>Nouellum</span> <span class='ocrx_word' id='word_1_29' title='bbox 860 1477 991 1538; x_wconf 88' lang='lat' dir='ltr'>Velliam</span> <span class='ocrx_word' id='word_1_30' title='bbox 1013 1478 1237 1556; x_wconf 88' lang='lat' dir='ltr'>(imprecatur):</span> 
     </span>
     <span class='ocr_line' id='line_1_10' title="bbox 379 1579 847 1657; baseline -0.002 -16"><span class='ocrx_word' id='word_1_31' title='bbox 379 1581 443 1642; x_wconf 89' lang='lat' dir='ltr'>Nec</span> <span class='ocrx_word' id='word_1_32' title='bbox 466 1581 563 1640; x_wconf 89' lang='lat' dir='ltr'>dicere</span> <span class='ocrx_word' id='word_1_33' title='bbox 584 1597 639 1638; x_wconf 88' lang='lat' dir='ltr'>nec</span> <span class='ocrx_word' id='word_1_34' title='bbox 659 1579 718 1638; x_wconf 85' lang='lat' dir='ltr'>fari</span> <span class='ocrx_word' id='word_1_35' title='bbox 740 1581 847 1657; x_wconf 85' lang='lat' dir='ltr'><strong>possit,</strong></span> 
     </span>
     <span class='ocr_line' id='line_1_11' title="bbox 378 1683 1082 1762; baseline -0.001 -21"><span class='ocrx_word' id='word_1_36' title='bbox 378 1703 433 1743; x_wconf 92' lang='lat' dir='ltr'>nec</span> <span class='ocrx_word' id='word_1_37' title='bbox 454 1691 677 1743; x_wconf 89' lang='lat' dir='ltr'>monumentum</span> <span class='ocrx_word' id='word_1_38' title='bbox 703 1699 759 1742; x_wconf 89' lang='lat' dir='ltr'>nec</span> <span class='ocrx_word' id='word_1_39' title='bbox 780 1683 872 1742; x_wconf 89' lang='lat' dir='ltr'>ollam</span> <span class='ocrx_word' id='word_1_40' title='bbox 895 1683 951 1742; x_wconf 88' lang='lat' dir='ltr'>sibi</span> <span class='ocrx_word' id='word_1_41' title='bbox 973 1683 1082 1762; x_wconf 90' lang='lat' dir='ltr'>capiat.</span> 
     </span>
    </p>
   </div>
   <div class='ocr_carea' id='block_1_5' title="bbox 4 1819 1441 2714">
    <p class='ocr_par' dir='ltr' id='par_1_10' title="bbox 4 1819 1441 2306">
     <span class='ocr_line' id='line_1_12' title="bbox 22 1819 1438 1899; baseline 0.002 -20"><span class='ocrx_word' id='word_1_42' title='bbox 22 1846 29 1879; x_wconf 75' lang='grc' dir='ltr'><em>ι</em></span> <span class='ocrx_word' id='word_1_43' title='bbox 210 1822 317 1882; x_wconf 80' lang='lat' dir='ltr'>Primus</span> <span class='ocrx_word' id='word_1_44' title='bbox 344 1820 436 1880; x_wconf 87' lang='lat' dir='ltr'>edidit</span> <span class='ocrx_word' id='word_1_45' title='bbox 462 1839 529 1879; x_wconf 91' lang='lat' dir='ltr'>cum</span> <span class='ocrx_word' id='word_1_46' title='bbox 555 1821 769 1878; x_wconf 90' lang='lat' dir='ltr'>commentario</span> <span class='ocrx_word' id='word_1_47' title='bbox 793 1821 818 1880; x_wconf 95' lang='grc' dir='ltr'>Ι.</span> <span class='ocrx_word' id='word_1_48' title='bbox 842 1819 1018 1893; x_wconf 80' lang='lat' dir='ltr'>Minervini,</span> <span class='ocrx_word' id='word_1_49' title='bbox 1047 1819 1155 1880; x_wconf 68' lang='lat' dir='ltr'>Butler.</span> <span class='ocrx_word' id='word_1_50' title='bbox 1183 1821 1305 1880; x_wconf 83' lang='lat' dir='ltr'>crcieol.</span> <span class='ocrx_word' id='word_1_51' title='bbox 1328 1821 1438 1899; x_wconf 83' lang='lat' dir='ltr'>Napsl.</span> 
     </span>
     <span class='ocr_line' id='line_1_13' title="bbox 22 1921 1438 2000; baseline -0.001 -17"><span class='ocrx_word' id='word_1_52' title='bbox 22 1947 27 1957; x_wconf 64' lang='lat'>³</span> <span class='ocrx_word' id='word_1_53' title='bbox 148 1944 193 1983; x_wconf 83' lang='lat' dir='ltr'>sou.</span> <span class='ocrx_word' id='word_1_54' title='bbox 209 1943 255 1983; x_wconf 82' lang='lat' dir='ltr'>ter.</span> <span class='ocrx_word' id='word_1_55' title='bbox 269 1925 299 1996; x_wconf 90' lang='lat' dir='ltr'>V,</span> <span class='ocrx_word' id='word_1_56' title='bbox 320 1935 375 1982; x_wconf 85' lang='lat' dir='ltr'>tau.</span> <span class='ocrx_word' id='word_1_57' title='bbox 390 1923 477 1994; x_wconf 89' lang='lat' dir='ltr'><em>VIII,</em></span> <span class='ocrx_word' id='word_1_58' title='bbox 498 1925 524 1981; x_wconf 89' lang='lat'>1.</span> <span class='ocrx_word' id='word_1_59' title='bbox 543 1921 638 2000; x_wconf 71' lang='lat' dir='ltr'>pte.</span> <span class='ocrx_word' id='word_1_60' title='bbox 654 1923 727 1994; x_wconf 87' lang='grc'><strong><em>100,</em></strong></span> <span class='ocrx_word' id='word_1_61' title='bbox 748 1921 826 1981; x_wconf 87' lang='lat' dir='ltr'>unde</span> <span class='ocrx_word' id='word_1_62' title='bbox 848 1923 886 1981; x_wconf 80' lang='lat' dir='ltr'>A.</span> <span class='ocrx_word' id='word_1_63' title='bbox 903 1924 1040 1994; x_wconf 78' lang='lat' dir='ltr'>Ibbretti,</span> <span class='ocrx_word' id='word_1_64' title='bbox 1066 1923 1098 1982; x_wconf 80' lang='lat'>0.</span> <span class='ocrx_word' id='word_1_65' title='bbox 1114 1923 1140 1981; x_wconf 93' lang='lat' dir='ltr'>I.</span> <span class='ocrx_word' id='word_1_66' title='bbox 1156 1924 1227 1982; x_wconf 84' lang='lat' dir='ltr'>Ital.</span> <span class='ocrx_word' id='word_1_67' title='bbox 1240 1934 1258 1982; x_wconf 88' lang='lat' dir='ltr'>t.</span> <span class='ocrx_word' id='word_1_68' title='bbox 1279 1923 1342 1982; x_wconf 85' lang='lat' dir='ltr'>XL</span> <span class='ocrx_word' id='word_1_69' title='bbox 1352 1923 1438 1997; x_wconf 86' lang='lat' dir='ltr'><em>VIII,</em></span> 
     </span>
     <span class='ocr_line' id='line_1_14' title="bbox 149 2023 1439 2102; baseline 0.001 -19"><span class='ocrx_word' id='word_1_70' title='bbox 149 2026 224 2096; x_wconf 61' lang='lat' dir='ltr'>tres</span> <span class='ocrx_word' id='word_1_71' title='bbox 250 2027 282 2086; x_wconf 85' lang='lat' dir='ltr'>G.</span> <span class='ocrx_word' id='word_1_72' title='bbox 302 2025 437 2096; x_wconf 81' lang='lat' dir='ltr'>Iiorelb&#39;,</span> <span class='ocrx_word' id='word_1_73' title='bbox 463 2023 557 2086; x_wconf 84' lang='lat' dir='ltr'>Catal.</span> <span class='ocrx_word' id='word_1_74' title='bbox 579 2025 659 2084; x_wconf 84' lang='lat' dir='ltr'>Mus.</span> <span class='ocrx_word' id='word_1_75' title='bbox 681 2023 790 2102; x_wconf 81' lang='lat' dir='ltr'>Napol.</span> <span class='ocrx_word' id='word_1_76' title='bbox 828 2025 909 2102; x_wconf 83' lang='lat' dir='ltr'>Nap.</span> <span class='ocrx_word' id='word_1_77' title='bbox 925 2025 1018 2084; x_wconf 85' lang='grc'><strong><em>1867.</em></strong></span> <span class='ocrx_word' id='word_1_78' title='bbox 1061 2025 1191 2086; x_wconf 84' lang='lat' dir='ltr'>Raccolt.</span> <span class='ocrx_word' id='word_1_79' title='bbox 1214 2029 1304 2102; x_wconf 76' lang='lat' dir='ltr'>epipr.</span> <span class='ocrx_word' id='word_1_80' title='bbox 1326 2045 1355 2083; x_wconf 81' lang='lat' dir='ltr'>n.</span> <span class='ocrx_word' id='word_1_81' title='bbox 1371 2026 1439 2084; x_wconf 89' lang='grc'><strong><em>137.</em></strong></span> 
     </span>
     <span class='ocr_line' id='line_1_15' title="bbox 24 2116 1441 2208; baseline 0 -20"><span class='ocrx_word' id='word_1_82' title='bbox 24 2116 28 2133; x_wconf 75' lang='grc'><strong>’</strong></span> <span class='ocrx_word' id='word_1_83' title='bbox 145 2129 192 2208; x_wconf 81' lang='lat' dir='ltr'>Ego</span> <span class='ocrx_word' id='word_1_84' title='bbox 209 2131 410 2206; x_wconf 84' lang='lat' dir='ltr'>interpretatus</span> <span class='ocrx_word' id='word_1_85' title='bbox 433 2145 517 2201; x_wconf 90' lang='lat' dir='ltr'>sum,</span> <span class='ocrx_word' id='word_1_86' title='bbox 543 2127 681 2186; x_wconf 78' lang='lat' dir='ltr'>Zeitecbr.</span> <span class='ocrx_word' id='word_1_87' title='bbox 696 2129 725 2202; x_wconf 92' lang='lat' dir='ltr'>s.</span> <span class='ocrx_word' id='word_1_88' title='bbox 748 2128 836 2204; x_wconf 73' lang='lat' dir='ltr'>oerpl.</span> <span class='ocrx_word' id='word_1_89' title='bbox 853 2125 922 2202; x_wconf 84' lang='lat' dir='ltr'>Spr.</span> <span class='ocrx_word' id='word_1_90' title='bbox 937 2125 997 2198; x_wconf 85' lang='lat' dir='ltr'>XI,</span> <span class='ocrx_word' id='word_1_91' title='bbox 1017 2125 1212 2198; x_wconf 73' lang='lat'>338—3635</span> <span class='ocrx_word' id='word_1_92' title='bbox 1243 2130 1281 2204; x_wconf 79' lang='lat' dir='ltr'>cs.</span> <span class='ocrx_word' id='word_1_93' title='bbox 1303 2128 1441 2201; x_wconf 77' lang='lat' dir='ltr'>Eudert&#39;a,</span> 
     </span>
     <span class='ocr_line' id='line_1_16' title="bbox 4 2227 594 2306; baseline -0.005 -18"><span class='ocrx_word' id='word_1_94' title='bbox 4 2228 22 2288; x_wconf 83' lang='lat'>:¹</span> <span class='ocrx_word' id='word_1_95' title='bbox 145 2232 297 2290; x_wconf 74' lang='lat' dir='ltr'>duneald.</span> <span class='ocrx_word' id='word_1_96' title='bbox 314 2230 384 2290; x_wconf 83' lang='lat' dir='ltr'>Oslc.</span> <span class='ocrx_word' id='word_1_97' title='bbox 401 2228 469 2306; x_wconf 86' lang='lat' dir='ltr'>Spr.</span> <span class='ocrx_word' id='word_1_98' title='bbox 492 2249 521 2287; x_wconf 83' lang='lat' dir='ltr'>rr.</span> <span class='ocrx_word' id='word_1_99' title='bbox 537 2227 594 2286; x_wconf 88' lang='lat' dir='ltr'>LI.</span> 
     </span>
    </p>

    <p class='ocr_par' dir='ltr' id='par_1_11' title="bbox 141 2330 1440 2614">
     <span class='ocr_line' id='line_1_17' title="bbox 200 2330 1438 2408; baseline 0.002 -16"><span class='ocrx_word' id='word_1_100' title='bbox 200 2335 310 2393; x_wconf 87' lang='lat' dir='ltr'>Incerta</span> <span class='ocrx_word' id='word_1_101' title='bbox 331 2343 378 2392; x_wconf 87' lang='lat' dir='ltr'>est</span> <span class='ocrx_word' id='word_1_102' title='bbox 400 2332 489 2392; x_wconf 86' lang='lat' dir='ltr'>lectio</span> <span class='ocrx_word' id='word_1_103' title='bbox 512 2330 640 2390; x_wconf 90' lang='lat' dir='ltr'>nominis</span> <span class='ocrx_word' id='word_1_104' title='bbox 662 2330 783 2408; x_wconf 84' lang='lat' dir='ltr'>gentilis</span> <span class='ocrx_word' id='word_1_105' title='bbox 805 2331 836 2390; x_wconf 91' lang='lat' dir='ltr'>in</span> <span class='ocrx_word' id='word_1_106' title='bbox 859 2331 991 2390; x_wconf 90' lang='lat' dir='ltr'>secundo</span> <span class='ocrx_word' id='word_1_107' title='bbox 1013 2349 1102 2391; x_wconf 88' lang='lat' dir='ltr'>versu</span> <span class='ocrx_word' id='word_1_108' title='bbox 1124 2332 1214 2392; x_wconf 92' lang='lat' dir='ltr'>tituli.</span> <span class='ocrx_word' id='word_1_109' title='bbox 1257 2331 1349 2391; x_wconf 84' lang='lat' dir='ltr'>initio</span> <span class='ocrx_word' id='word_1_110' title='bbox 1372 2333 1438 2394; x_wconf 90' lang='lat' dir='ltr'>eius</span> 
     </span>
     <span class='ocr_line' id='line_1_18' title="bbox 141 2433 1440 2515; baseline 0.002 -22"><span class='ocrx_word' id='word_1_111' title='bbox 141 2435 229 2495; x_wconf 77' lang='lat' dir='ltr'>litteras</span> <span class='ocrx_word' id='word_1_112' title='bbox 250 2447 276 2496; x_wconf 84' lang='lat' dir='ltr'>at</span> <span class='ocrx_word' id='word_1_113' title='bbox 294 2437 405 2515; x_wconf 86' lang='lat' dir='ltr'>ligatas</span> <span class='ocrx_word' id='word_1_114' title='bbox 426 2452 505 2506; x_wconf 91' lang='lat' dir='ltr'>esse,</span> <span class='ocrx_word' id='word_1_115' title='bbox 528 2453 567 2491; x_wconf 87' lang='lat' dir='ltr'>cx</span> <span class='ocrx_word' id='word_1_116' title='bbox 588 2433 777 2492; x_wconf 83' lang='lat' dir='ltr'>lineamentis</span> <span class='ocrx_word' id='word_1_117' title='bbox 800 2433 966 2510; x_wconf 78' lang='lat' dir='ltr'>apographi</span> <span class='ocrx_word' id='word_1_118' title='bbox 987 2433 1012 2492; x_wconf 93' lang='grc' dir='ltr'>Ι.</span> <span class='ocrx_word' id='word_1_119' title='bbox 1035 2434 1195 2493; x_wconf 86' lang='lat' dir='ltr'>Minervini</span> <span class='ocrx_word' id='word_1_120' title='bbox 1217 2435 1340 2508; x_wconf 90' lang='lat' dir='ltr'>conieci,</span> <span class='ocrx_word' id='word_1_121' title='bbox 1362 2455 1440 2512; x_wconf 88' lang='lat' dir='ltr'>quae</span> 
     </span>
     <span class='ocr_line' id='line_1_19' title="bbox 142 2535 1438 2614; baseline 0.002 -19"><span class='ocrx_word' id='word_1_122' title='bbox 142 2556 186 2596; x_wconf 87' lang='lat' dir='ltr'>eun</span> <span class='ocrx_word' id='word_1_123' title='bbox 202 2539 294 2614; x_wconf 91' lang='lat' dir='ltr'>ipsius</span> <span class='ocrx_word' id='word_1_124' title='bbox 316 2538 447 2596; x_wconf 87' lang='lat' dir='ltr'>laminae</span> <span class='ocrx_word' id='word_1_125' title='bbox 469 2535 630 2613; x_wconf 84' lang='lat' dir='ltr'>scriptione</span> <span class='ocrx_word' id='word_1_126' title='bbox 652 2536 821 2594; x_wconf 87' lang='lat' dir='ltr'>consentire</span> <span class='ocrx_word' id='word_1_127' title='bbox 843 2535 990 2594; x_wconf 85' lang='lat' dir='ltr'>dubitanti</span> <span class='ocrx_word' id='word_1_128' title='bbox 1011 2537 1084 2596; x_wconf 91' lang='lat' dir='ltr'>mihi</span> <span class='ocrx_word' id='word_1_129' title='bbox 1106 2555 1202 2614; x_wconf 88' lang='lat' dir='ltr'>nuper</span> <span class='ocrx_word' id='word_1_130' title='bbox 1221 2537 1385 2598; x_wconf 78' lang='lat' dir='ltr'>affirmavit</span> <span class='ocrx_word' id='word_1_131' title='bbox 1400 2537 1438 2600; x_wconf 86' lang='lat' dir='ltr'>G.</span> 
     </span>
    </p>

    <p class='ocr_par' dir='ltr' id='par_1_12' title="bbox 25 2620 567 2714">
     <span class='ocr_line' id='line_1_20' title="bbox 25 2620 567 2714; baseline -0.004 -18"><span class='ocrx_word' id='word_1_132' title='bbox 25 2620 32 2633; x_wconf 48' lang='grc' dir='ltr'>Ι</span> <span class='ocrx_word' id='word_1_133' title='bbox 142 2639 166 2698; x_wconf 90' lang='lat' dir='ltr'>de</span> <span class='ocrx_word' id='word_1_134' title='bbox 181 2639 274 2711; x_wconf 88' lang='lat' dir='ltr'>Petra;</span> <span class='ocrx_word' id='word_1_135' title='bbox 301 2640 444 2698; x_wconf 76' lang='lat' dir='ltr'>Minerus</span> <span class='ocrx_word' id='word_1_136' title='bbox 461 2639 567 2714; x_wconf 61' lang='grc' dir='ltr'><strong><em>βαρέα.</em></strong></span> 
     </span>
    </p>
   </div>
   <div class='ocr_carea' id='block_1_6' title="bbox 2 2847 1439 3032">
    <p class='ocr_par' dir='ltr' id='par_1_13' title="bbox 2 2847 1439 3032">
     <span class='ocr_line' id='line_1_21' title="bbox 2 2847 1439 2924; baseline 0.006 -21"><span class='ocrx_word' id='word_1_137' title='bbox 2 2916 3 2922; x_wconf 12' lang='lat'>¹</span> <span class='ocrx_word' id='word_1_138' title='bbox 145 2847 219 2907; x_wconf 83' lang='lat' dir='ltr'>t-t.</span> <span class='ocrx_word' id='word_1_139' title='bbox 254 2850 288 2908; x_wconf 90' lang='lat' dir='ltr'>ln</span> <span class='ocrx_word' id='word_1_140' title='bbox 310 2850 426 2908; x_wconf 91' lang='lat' dir='ltr'>duabus</span> <span class='ocrx_word' id='word_1_141' title='bbox 449 2849 575 2906; x_wconf 88' lang='lat' dir='ltr'>cameris</span> <span class='ocrx_word' id='word_1_142' title='bbox 599 2847 801 2906; x_wconf 86' lang='lat' dir='ltr'>subterraneis</span> <span class='ocrx_word' id='word_1_143' title='bbox 823 2848 955 2924; x_wconf 80' lang='lat' dir='ltr'>sepulcri</span> <span class='ocrx_word' id='word_1_144' title='bbox 977 2849 1084 2908; x_wconf 88' lang='lat' dir='ltr'>detecti</span> <span class='ocrx_word' id='word_1_145' title='bbox 1107 2849 1145 2907; x_wconf 90' lang='lat' dir='ltr'>ad</span> <span class='ocrx_word' id='word_1_146' title='bbox 1165 2847 1196 2908; x_wconf 85' lang='lat' dir='ltr'>S.</span> <span class='ocrx_word' id='word_1_147' title='bbox 1213 2850 1317 2908; x_wconf 82' lang='lat' dir='ltr'>Maria</span> <span class='ocrx_word' id='word_1_148' title='bbox 1337 2853 1369 2909; x_wconf 83' lang='lat' dir='ltr'>di</span> <span class='ocrx_word' id='word_1_149' title='bbox 1384 2853 1439 2911; x_wconf 86' lang='lat' dir='ltr'>Ca·</span> 
     </span>
     <span class='ocr_line' id='line_1_22' title="bbox 6 2946 1438 3032; baseline 0.003 -23"><span class='ocrx_word' id='word_1_150' title='bbox 6 2946 17 3022; x_wconf 70' lang='lat' dir='ltr'>¹l</span> <span class='ocrx_word' id='word_1_151' title='bbox 168 2969 213 3027; x_wconf 87' lang='lat' dir='ltr'>pue</span> <span class='ocrx_word' id='word_1_152' title='bbox 233 2971 310 3010; x_wconf 89' lang='lat' dir='ltr'>auno</span> <span class='ocrx_word' id='word_1_153' title='bbox 332 2952 411 3011; x_wconf 86' lang='grc'>1867</span> <span class='ocrx_word' id='word_1_154' title='bbox 435 2969 454 3009; x_wconf 85' lang='lat' dir='ltr'>a</span> <span class='ocrx_word' id='word_1_155' title='bbox 475 2949 603 3008; x_wconf 91' lang='lat' dir='ltr'>dominis</span> <span class='ocrx_word' id='word_1_156' title='bbox 627 2947 744 3008; x_wconf 76' lang='lat' dir='ltr'>Galaesi</span> <span class='ocrx_word' id='word_1_157' title='bbox 764 2959 795 3008; x_wconf 89' lang='lat' dir='ltr'>et</span> <span class='ocrx_word' id='word_1_158' title='bbox 808 2951 906 3009; x_wconf 83' lang='lat' dir='ltr'>Doris</span> <span class='ocrx_word' id='word_1_159' title='bbox 927 2951 1037 3027; x_wconf 88' lang='lat' dir='ltr'>reperti</span> <span class='ocrx_word' id='word_1_160' title='bbox 1060 2961 1130 3010; x_wconf 89' lang='lat' dir='ltr'>sunt</span> <span class='ocrx_word' id='word_1_161' title='bbox 1150 2951 1229 3010; x_wconf 89' lang='lat' dir='ltr'>tituli</span> <span class='ocrx_word' id='word_1_162' title='bbox 1251 2953 1438 3032; x_wconf 79' lang='lat' dir='ltr'>sepulcrales</span> 
     </span>
    </p>
   </div>
   <div class='ocr_carea' id='block_1_7' title="bbox 14 3026 1439 3438">
    <p class='ocr_par' dir='ltr' id='par_1_14' title="bbox 14 3026 329 3129">
     <span class='ocr_line' id='line_1_23' title="bbox 14 3026 329 3129; baseline 0.013 -21"><span class='ocrx_word' id='word_1_163' title='bbox 14 3026 22 3108; x_wconf 70' lang='lat' dir='ltr'>i</span> <span class='ocrx_word' id='word_1_164' title='bbox 171 3053 329 3129; x_wconf 86' lang='lat' dir='ltr'>complures.</span> 
     </span>
    </p>

    <p class='ocr_par' dir='ltr' id='par_1_15' title="bbox 22 3142 1439 3236">
     <span class='ocr_line' id='line_1_24' title="bbox 22 3142 1439 3236; baseline 0.002 -22"><span class='ocrx_word' id='word_1_165' title='bbox 22 3142 24 3162; x_wconf 61' lang='lat'><strong>²</strong></span> <span class='ocrx_word' id='word_1_166' title='bbox 198 3154 230 3214; x_wconf 90' lang='lat' dir='ltr'>ln</span> <span class='ocrx_word' id='word_1_167' title='bbox 254 3174 372 3216; x_wconf 86' lang='lat' dir='ltr'>camera</span> <span class='ocrx_word' id='word_1_168' title='bbox 400 3155 508 3214; x_wconf 88' lang='lat' dir='ltr'>dextra</span> <span class='ocrx_word' id='word_1_169' title='bbox 534 3154 637 3214; x_wconf 90' lang='lat' dir='ltr'>titulus</span> <span class='ocrx_word' id='word_1_170' title='bbox 664 3155 754 3213; x_wconf 90' lang='lat' dir='ltr'>rubro</span> <span class='ocrx_word' id='word_1_171' title='bbox 780 3154 880 3214; x_wconf 90' lang='lat' dir='ltr'>colore</span> <span class='ocrx_word' id='word_1_172' title='bbox 906 3157 1005 3233; x_wconf 89' lang='lat' dir='ltr'>pictus</span> <span class='ocrx_word' id='word_1_173' title='bbox 1033 3158 1064 3214; x_wconf 93' lang='lat' dir='ltr'>in</span> <span class='ocrx_word' id='word_1_174' title='bbox 1091 3175 1182 3233; x_wconf 89' lang='lat' dir='ltr'>opere</span> <span class='ocrx_word' id='word_1_175' title='bbox 1209 3159 1348 3230; x_wconf 90' lang='lat' dir='ltr'>tectorio,</span> <span class='ocrx_word' id='word_1_176' title='bbox 1377 3176 1439 3236; x_wconf 91' lang='lat' dir='ltr'>quo</span> 
     </span>
    </p>

    <p class='ocr_par' dir='ltr' id='par_1_16' title="bbox 26 3204 1437 3438">
     <span class='ocr_line' id='line_1_25' title="bbox 26 3204 1437 3384; baseline 0.005 -73"><span class='ocrx_word' id='word_1_177' title='bbox 26 3204 65 3384; x_wconf 40' lang='lat' dir='ltr'>N</span> <span class='ocrx_word' id='word_1_178' title='bbox 147 3253 189 3313; x_wconf 85' lang='lat' dir='ltr'>leoli</span> <span class='ocrx_word' id='word_1_179' title='bbox 205 3257 322 3317; x_wconf 86' lang='lat' dir='ltr'>alicuius</span> <span class='ocrx_word' id='word_1_180' title='bbox 344 3257 500 3316; x_wconf 88' lang='lat' dir='ltr'>mortuarii</span> <span class='ocrx_word' id='word_1_181' title='bbox 521 3258 685 3336; x_wconf 84' lang='lat' dir='ltr'>marginem</span> <span class='ocrx_word' id='word_1_182' title='bbox 708 3257 893 3334; x_wconf 89' lang='lat' dir='ltr'>superiorem</span> <span class='ocrx_word' id='word_1_183' title='bbox 909 3267 1072 3318; x_wconf 89' lang='lat' dir='ltr'>contectum</span> <span class='ocrx_word' id='word_1_184' title='bbox 1089 3259 1185 3318; x_wconf 81' lang='lat' dir='ltr'>fuisse</span> <span class='ocrx_word' id='word_1_185' title='bbox 1200 3259 1361 3319; x_wconf 85' lang='lat' dir='ltr'>verisimile</span> <span class='ocrx_word' id='word_1_186' title='bbox 1382 3270 1437 3334; x_wconf 90' lang='lat' dir='ltr'>eet,</span> 
     </span>
     <span class='ocr_line' id='line_1_26' title="bbox 147 3357 1082 3438; baseline 0.003 -22"><span class='ocrx_word' id='word_1_187' title='bbox 147 3373 197 3416; x_wconf 81' lang='lat' dir='ltr'>nuuc</span> <span class='ocrx_word' id='word_1_188' title='bbox 215 3360 303 3421; x_wconf 91' lang='lat' dir='ltr'>tribus</span> <span class='ocrx_word' id='word_1_189' title='bbox 323 3359 499 3438; x_wconf 78' lang='lat' dir='ltr'>fragmentis</span> <span class='ocrx_word' id='word_1_190' title='bbox 521 3368 664 3419; x_wconf 87' lang='lat' dir='ltr'>constans</span> <span class='ocrx_word' id='word_1_191' title='bbox 686 3359 716 3416; x_wconf 93' lang='lat' dir='ltr'>in</span> <span class='ocrx_word' id='word_1_192' title='bbox 739 3377 841 3419; x_wconf 90' lang='lat' dir='ltr'>museo</span> <span class='ocrx_word' id='word_1_193' title='bbox 863 3357 1082 3438; x_wconf 89' lang='lat' dir='ltr'>Neapolitano:</span> 
     </span>
    </p>
   </div>
   <div class='ocr_carea' id='block_1_8' title="bbox 171 3493 1064 3712">
    <p class='ocr_par' dir='ltr' id='par_1_17' title="bbox 171 3493 1064 3712">
     <span class='ocr_line' id='line_1_27' title="bbox 171 3493 1064 3594; baseline -0.002 -24"><span class='ocrx_word' id='word_1_194' title='bbox 171 3511 192 3572; x_wconf 84' lang='lat' dir='ltr'>t.</span> <span class='ocrx_word' id='word_1_195' title='bbox 540 3494 658 3594; x_wconf 80' lang='lat' dir='ltr'>upsals</span> <span class='ocrx_word' id='word_1_196' title='bbox 685 3493 864 3594; x_wconf 77' lang='lat' dir='ltr'>[a]alaviis</span> <span class='ocrx_word' id='word_1_197' title='bbox 880 3494 919 3593; x_wconf 80' lang='lat' dir='ltr'>[z]</span> <span class='ocrx_word' id='word_1_198' title='bbox 936 3493 1064 3594; x_wconf 74' lang='lat' dir='ltr'>minias</span> 
     </span>
     <span class='ocr_line' id='line_1_28' title="bbox 557 3633 986 3712; baseline -0.002 -16"><span class='ocrx_word' id='word_1_199' title='bbox 557 3635 699 3712; x_wconf 84' lang='lat' dir='ltr'>Upialius</span> <span class='ocrx_word' id='word_1_200' title='bbox 722 3633 842 3696; x_wconf 87' lang='lat' dir='ltr'>Salvius</span> <span class='ocrx_word' id='word_1_201' title='bbox 865 3637 986 3696; x_wconf 89' lang='lat' dir='ltr'>Minius.</span> 
     </span>
    </p>
   </div>
   <div class='ocr_carea' id='block_1_9' title="bbox 145 3769 1436 4158">
    <p class='ocr_par' dir='ltr' id='par_1_18' title="bbox 145 3769 1436 4056">
     <span class='ocr_line' id='line_1_29' title="bbox 200 3769 1436 3852; baseline 0.005 -22"><span class='ocrx_word' id='word_1_202' title='bbox 200 3769 336 3834; x_wconf 88' lang='lat' dir='ltr'>Litteram</span> <span class='ocrx_word' id='word_1_203' title='bbox 362 3773 507 3832; x_wconf 88' lang='lat' dir='ltr'>initialem</span> <span class='ocrx_word' id='word_1_204' title='bbox 531 3791 545 3832; x_wconf 92' lang='lat' dir='ltr'>s</span> <span class='ocrx_word' id='word_1_205' title='bbox 571 3773 701 3831; x_wconf 92' lang='lat' dir='ltr'>nominis</span> <span class='ocrx_word' id='word_1_206' title='bbox 724 3771 831 3832; x_wconf 84' lang='lat' dir='ltr'>Solous</span> <span class='ocrx_word' id='word_1_207' title='bbox 858 3793 928 3852; x_wconf 87' lang='lat' dir='ltr'>ego,</span> <span class='ocrx_word' id='word_1_208' title='bbox 955 3793 1022 3832; x_wconf 86' lang='lat' dir='ltr'>cunr</span> <span class='ocrx_word' id='word_1_209' title='bbox 1048 3774 1079 3832; x_wconf 92' lang='lat' dir='ltr'>in</span> <span class='ocrx_word' id='word_1_210' title='bbox 1104 3777 1312 3852; x_wconf 88' lang='lat' dir='ltr'>promptuario</span> <span class='ocrx_word' id='word_1_211' title='bbox 1340 3779 1436 3836; x_wconf 89' lang='lat' dir='ltr'>musei</span> 
     </span>
     <span class='ocr_line' id='line_1_30' title="bbox 145 3867 1435 3956; baseline 0.009 -28"><span class='ocrx_word' id='word_1_212' title='bbox 145 3867 301 3949; x_wconf 84' lang='lat' dir='ltr'>Neapolitani</span> <span class='ocrx_word' id='word_1_213' title='bbox 322 3877 440 3935; x_wconf 90' lang='lat' dir='ltr'>titulum</span> <span class='ocrx_word' id='word_1_214' title='bbox 462 3873 654 3948; x_wconf 87' lang='lat' dir='ltr'>delinearem,</span> <span class='ocrx_word' id='word_1_215' title='bbox 677 3875 804 3935; x_wconf 83' lang='lat' dir='ltr'>deletam</span> <span class='ocrx_word' id='word_1_216' title='bbox 826 3875 927 3936; x_wconf 88' lang='lat' dir='ltr'>inveni</span> <span class='ocrx_word' id='word_1_217' title='bbox 942 3875 1034 3936; x_wconf 88' lang='lat' dir='ltr'>calcis</span> <span class='ocrx_word' id='word_1_218' title='bbox 1055 3878 1197 3936; x_wconf 89' lang='lat' dir='ltr'>tectoriae</span> <span class='ocrx_word' id='word_1_219' title='bbox 1220 3897 1256 3936; x_wconf 88' lang='lat' dir='ltr'>ea</span> <span class='ocrx_word' id='word_1_220' title='bbox 1277 3887 1362 3956; x_wconf 86' lang='lat' dir='ltr'>parte</span> <span class='ocrx_word' id='word_1_221' title='bbox 1384 3881 1435 3940; x_wconf 88' lang='lat' dir='ltr'>de·</span> 
     </span>
     <span class='ocr_line' id='line_1_31' title="bbox 146 3971 880 4056; baseline 0.008 -26"><span class='ocrx_word' id='word_1_222' title='bbox 146 3971 200 4045; x_wconf 79' lang='lat' dir='ltr'>uie,</span> <span class='ocrx_word' id='word_1_223' title='bbox 219 3977 265 4035; x_wconf 91' lang='lat' dir='ltr'>sed</span> <span class='ocrx_word' id='word_1_224' title='bbox 285 3976 322 4038; x_wconf 85' lang='lat' dir='ltr'>G.</span> <span class='ocrx_word' id='word_1_225' title='bbox 346 3981 382 4038; x_wconf 90' lang='lat' dir='ltr'>de</span> <span class='ocrx_word' id='word_1_226' title='bbox 404 3977 497 4038; x_wconf 87' lang='lat' dir='ltr'>Petra</span> <span class='ocrx_word' id='word_1_227' title='bbox 518 3985 607 4036; x_wconf 86' lang='lat' dir='ltr'>antea</span> <span class='ocrx_word' id='word_1_228' title='bbox 628 3979 774 4056; x_wconf 86' lang='lat' dir='ltr'>integram</span> <span class='ocrx_word' id='word_1_229' title='bbox 796 3977 880 4036; x_wconf 91' lang='lat' dir='ltr'>vidit.</span> 
     </span>
    </p>

    <p class='ocr_par' dir='ltr' id='par_1_19' title="bbox 203 4075 1242 4158">
     <span class='ocr_line' id='line_1_32' title="bbox 203 4075 1242 4158; baseline 0.006 -24"><span class='ocrx_word' id='word_1_230' title='bbox 203 4075 332 4139; x_wconf 85' lang='lat' dir='ltr'>Eiusdem</span> <span class='ocrx_word' id='word_1_231' title='bbox 356 4099 491 4140; x_wconf 87' lang='lat' dir='ltr'>camerae</span> <span class='ocrx_word' id='word_1_232' title='bbox 512 4079 543 4137; x_wconf 92' lang='lat' dir='ltr'>in</span> <span class='ocrx_word' id='word_1_233' title='bbox 564 4079 643 4138; x_wconf 91' lang='lat' dir='ltr'>lecto</span> <span class='ocrx_word' id='word_1_234' title='bbox 666 4080 829 4139; x_wconf 90' lang='lat' dir='ltr'>mortuario</span> <span class='ocrx_word' id='word_1_235' title='bbox 851 4079 982 4158; x_wconf 86' lang='lat' dir='ltr'>scriptae</span> <span class='ocrx_word' id='word_1_236' title='bbox 1002 4088 1088 4140; x_wconf 89' lang='lat' dir='ltr'>erant</span> <span class='ocrx_word' id='word_1_237' title='bbox 1109 4082 1242 4142; x_wconf 85' lang='lat' dir='ltr'>litterae:</span> 
     </span>
    </p>
   </div>
   <div class='ocr_carea' id='block_1_10' title="bbox 136 4215 1228 4572">
    <p class='ocr_par' dir='ltr' id='par_1_20' title="bbox 136 4215 1228 4572">
     <span class='ocr_line' id='line_1_33' title="bbox 168 4215 1143 4314; baseline 0.006 -24"><span class='ocrx_word' id='word_1_238' title='bbox 168 4229 193 4291; x_wconf 73' lang='lat' dir='ltr'>d.</span> <span class='ocrx_word' id='word_1_239' title='bbox 413 4215 609 4314; x_wconf 83' lang='lat' dir='ltr'>kluv[atis]</span> <span class='ocrx_word' id='word_1_240' title='bbox 692 4257 694 4262; x_wconf 69' lang='grc'><em>’</em></span> <span class='ocrx_word' id='word_1_241' title='bbox 985 4234 1143 4296; x_wconf 83' lang='lat' dir='ltr'>Gluvatius</span> 
     </span>
     <span class='ocr_line' id='line_1_34' title="bbox 136 4370 1091 4452; baseline 0.008 -28"><span class='ocrx_word' id='word_1_242' title='bbox 136 4370 199 4428; x_wconf 88' lang='lat' dir='ltr'>etin</span> <span class='ocrx_word' id='word_1_243' title='bbox 217 4373 306 4432; x_wconf 88' lang='lat' dir='ltr'>altero</span> <span class='ocrx_word' id='word_1_244' title='bbox 327 4375 404 4434; x_wconf 92' lang='lat' dir='ltr'>lecto</span> <span class='ocrx_word' id='word_1_245' title='bbox 426 4375 592 4432; x_wconf 84' lang='lat' dir='ltr'>mortuario</span> <span class='ocrx_word' id='word_1_246' title='bbox 612 4374 729 4433; x_wconf 89' lang='lat' dir='ltr'>litterae</span> <span class='ocrx_word' id='word_1_247' title='bbox 750 4373 836 4452; x_wconf 86' lang='lat' dir='ltr'>nigro</span> <span class='ocrx_word' id='word_1_248' title='bbox 859 4373 959 4433; x_wconf 90' lang='lat' dir='ltr'>colore</span> <span class='ocrx_word' id='word_1_249' title='bbox 981 4375 1091 4450; x_wconf 89' lang='lat' dir='ltr'>pictae:</span> 
     </span>
     <span class='ocr_line' id='line_1_35' title="bbox 167 4489 1228 4572; baseline 0.006 -5"><span class='ocrx_word' id='word_1_250' title='bbox 167 4509 194 4567; x_wconf 80' lang='lat' dir='ltr'>t.</span> <span class='ocrx_word' id='word_1_251' title='bbox 412 4489 653 4567; x_wconf 88' lang='lat' dir='ltr'>min.u....</span> <span class='ocrx_word' id='word_1_252' title='bbox 982 4511 1228 4572; x_wconf 67' lang='lat' dir='ltr'>Minimo...</span> 
     </span>
    </p>
   </div>
   <div class='ocr_carea' id='block_1_11' title="bbox 137 4647 1435 4830">
    <p class='ocr_par' dir='ltr' id='par_1_21' title="bbox 137 4647 1435 4830">
     <span class='ocr_line' id='line_1_36' title="bbox 201 4647 1435 4728; baseline 0.006 -24"><span class='ocrx_word' id='word_1_253' title='bbox 201 4647 232 4704; x_wconf 93' lang='lat' dir='ltr'>ln</span> <span class='ocrx_word' id='word_1_254' title='bbox 252 4667 365 4710; x_wconf 86' lang='lat' dir='ltr'>camera</span> <span class='ocrx_word' id='word_1_255' title='bbox 387 4650 510 4710; x_wconf 89' lang='lat' dir='ltr'>sinistra</span> <span class='ocrx_word' id='word_1_256' title='bbox 531 4651 636 4710; x_wconf 87' lang='lat' dir='ltr'>titulus</span> <span class='ocrx_word' id='word_1_257' title='bbox 657 4651 748 4710; x_wconf 91' lang='lat' dir='ltr'>rubro</span> <span class='ocrx_word' id='word_1_258' title='bbox 770 4651 871 4709; x_wconf 87' lang='lat' dir='ltr'>colore</span> <span class='ocrx_word' id='word_1_259' title='bbox 892 4649 990 4728; x_wconf 86' lang='lat' dir='ltr'>pictus</span> <span class='ocrx_word' id='word_1_260' title='bbox 1014 4651 1044 4710; x_wconf 93' lang='lat' dir='ltr'>in</span> <span class='ocrx_word' id='word_1_261' title='bbox 1066 4651 1188 4710; x_wconf 88' lang='lat' dir='ltr'>tectorio</span> <span class='ocrx_word' id='word_1_262' title='bbox 1210 4653 1280 4711; x_wconf 89' lang='lat' dir='ltr'>lecti</span> <span class='ocrx_word' id='word_1_263' title='bbox 1302 4664 1435 4714; x_wconf 87' lang='lat' dir='ltr'>mortua·</span> 
     </span>
     <span class='ocr_line' id='line_1_37' title="bbox 137 4743 667 4830; baseline 0.015 -26"><span class='ocrx_word' id='word_1_264' title='bbox 137 4743 174 4816; x_wconf 83' lang='lat' dir='ltr'>rii,</span> <span class='ocrx_word' id='word_1_265' title='bbox 191 4765 259 4810; x_wconf 88' lang='lat' dir='ltr'>nunc</span> <span class='ocrx_word' id='word_1_266' title='bbox 277 4751 307 4812; x_wconf 95' lang='lat' dir='ltr'>in</span> <span class='ocrx_word' id='word_1_267' title='bbox 328 4771 431 4812; x_wconf 88' lang='lat' dir='ltr'>museo</span> <span class='ocrx_word' id='word_1_268' title='bbox 453 4752 667 4830; x_wconf 86' lang='lat' dir='ltr'>Neapolitano:</span> 
     </span>
    </p>
   </div>
   <div class='ocr_carea' id='block_1_12' title="bbox 142 4887 1000 5228">
    <p class='ocr_par' dir='ltr' id='par_1_22' title="bbox 142 4887 1000 5228">
     <span class='ocr_line' id='line_1_38' title="bbox 171 4887 1000 4988; baseline 0.006 -31"><span class='ocrx_word' id='word_1_269' title='bbox 171 4897 197 4960; x_wconf 80' lang='lat' dir='ltr'>t.</span> <span class='ocrx_word' id='word_1_270' title='bbox 549 4889 669 4988; x_wconf 85' lang='lat' dir='ltr'>upfals</span> <span class='ocrx_word' id='word_1_271' title='bbox 686 4946 693 4961; x_wconf 93' lang='lat'><strong>.</strong></span> <span class='ocrx_word' id='word_1_272' title='bbox 708 4888 807 4988; x_wconf 85' lang='lat' dir='ltr'>patir</span> <span class='ocrx_word' id='word_1_273' title='bbox 822 4943 829 4960; x_wconf 92' lang='lat'><strong>.</strong></span> <span class='ocrx_word' id='word_1_274' title='bbox 845 4887 1000 4963; x_wconf 88' lang='lat' dir='ltr'>milnieis</span> 
     </span>
     <span class='ocr_line' id='line_1_39' title="bbox 589 5029 954 5110; baseline -0.008 -20"><span class='ocrx_word' id='word_1_275' title='bbox 589 5029 731 5107; x_wconf 86' lang='lat' dir='ltr'>Upfalius</span> <span class='ocrx_word' id='word_1_276' title='bbox 753 5039 839 5110; x_wconf 79' lang='lat' dir='ltr'>pater</span> <span class='ocrx_word' id='word_1_277' title='bbox 859 5029 954 5101; x_wconf 88' lang='lat' dir='ltr'>Minii,</span> 
     </span>
     <span class='ocr_line' id='line_1_40' title="bbox 142 5155 852 5228; baseline 0.004 -8"><span class='ocrx_word' id='word_1_278' title='bbox 142 5155 206 5216; x_wconf 81' lang='lat' dir='ltr'>etin</span> <span class='ocrx_word' id='word_1_279' title='bbox 224 5161 307 5224; x_wconf 88' lang='lat' dir='ltr'>altero</span> <span class='ocrx_word' id='word_1_280' title='bbox 326 5167 403 5226; x_wconf 89' lang='lat' dir='ltr'>lecto</span> <span class='ocrx_word' id='word_1_281' title='bbox 425 5167 560 5228; x_wconf 87' lang='lat' dir='ltr'>eiusdem</span> <span class='ocrx_word' id='word_1_282' title='bbox 582 5185 717 5226; x_wconf 86' lang='lat' dir='ltr'>camerae</span> <span class='ocrx_word' id='word_1_283' title='bbox 738 5167 852 5226; x_wconf 87' lang='lat' dir='ltr'>littera:</span> 
     </span>
    </p>
   </div>
   <div class='ocr_carea' id='block_1_13' title="bbox 176 5291 895 5360">
    <p class='ocr_par' dir='ltr' id='par_1_23' title="bbox 176 5291 895 5360">
     <span class='ocr_line' id='line_1_41' title="bbox 176 5291 895 5360; baseline 0.014 -10"><span class='ocrx_word' id='word_1_284' title='bbox 176 5291 202 5352; x_wconf 88' lang='lat' dir='ltr'>t.</span> <span class='ocrx_word' id='word_1_285' title='bbox 657 5313 768 5360; x_wconf 91' lang='lat' dir='ltr'>...u</span> <span class='ocrx_word' id='word_1_286' title='bbox 784 5340 895 5359; x_wconf 93' lang='grc'><strong><em>.....</em></strong></span> 
     </span>
    </p>
   </div>
   <div class='ocr_carea' id='block_1_14' title="bbox 0 0 1764 6006">
    <p class='ocr_par' dir='ltr' id='par_1_24' title="bbox 0 0 1764 6006">
     <span class='ocr_line' id='line_1_42' title="bbox 0 0 1764 6006; baseline 0 1"><span class='ocrx_word' id='word_1_287' title='bbox 0 0 1764 6006; x_wconf 95' lang='lat' dir='ltr'> </span> 
     </span>
    </p>
   </div>
  </div>
 </body>
</html>
