3548 6012
549 615 708 677 Qvnnsr.
729 615 948 668 ououaron.
969 617 994 666 1.
1389 591 1435 668 st

122 786 172 847 Sed
197 787 282 846 etiam
313 789 436 848 Cordum
460 790 578 864 Cursum
604 787 705 849 Scelus
731 789 853 850 formari
879 790 1013 866 potuisse
1039 790 1107 866 quis
1133 789 1273 866 negabit?
1317 790 1438 851 Deinde

122 899 149 948 nt
171 891 270 964 Aesola
295 890 405 964 Mesola
426 891 551 950 Trebula
577 893 719 950 Faesulae
740 891 864 950 Verulae
891 891 1000 951 Corioli
1027 891 1139 951 Puteoli
1168 893 1323 969 Aequiculi
1348 893 1439 952 Eruli

120 993 234 1069 Apulum
254 993 404 1052 Tusculum
424 1011 478 1070 per
500 993 529 1051 ol
547 995 612 1052 sive
633 993 666 1051 ul
686 993 829 1052 suffixum
851 993 981 1054 formata
1002 1011 1069 1054 esse
1090 1003 1217 1071 apparet
1238 995 1325 1056 haec:

375 1165 493 1226 Distula
515 1166 579 1243 (vei
599 1166 745 1238 Distulae,
768 1167 925 1242 Distulum,
1039 1163 1182 1226 'Puetulo

571 1269 696 1346 Distuli)
974 1287 1000 1330 as
1043 1270 1175 1328 Barbula

372 1371 489 1430 Fistula
1042 1371 1173 1448 Tillufla

303 1490 329 1532 ro
371 1473 517 1533 Funisula
1048 1473 1187 1533 Vaur'eula

374 1576 520 1634 Lacutula
1046 1575 1194 1635 Versicula

372 1678 490 1738 Lucula
1045 1677 1178 1737 Vesieula

372 1782 521 1840 Pauscula
972 1798 998 1840 ao
1047 1780 1159 1857 Urqula

184 1953 319 2032 Cognata
341 1966 412 2015 sunt
433 1956 560 2016 formate
582 1977 635 2034 per
657 1959 683 2016 el
705 1957 752 2028 eli,
775 1955 799 2012 il
820 1955 855 2012 ill
876 1955 1000 2028 suffixa,
1025 1963 1057 2012 ut
1078 1953 1183 2014 Abella
1204 1954 1356 2032 Freqellae
1382 1955 1434 2014 Cr·

114 2057 168 2115 rolli
188 2057 299 2117 Vitellia
321 2058 403 2135 Afilu
423 2056 568 2136 *Muqiila
589 2059 733 2130 Bouillae,
756 2060 846 2117 haec:

507 2231 637 2292 *Lorela
874 2229 996 2308 Caspila

511 2336 612 2412 Tosela
802 2353 827 2392 aa
870 2333 1006 2432 Apscillq

512 2437 646 2497 Gerellae
867 2435 992 2513 Lapilta

111 2612 223 2671 Rariora
242 2615 374 2674 formata
396 2621 465 2672 sunt
486 2633 539 2692 per
561 2616 590 2690 if
608 2614 759 2684 suffixum,
784 2623 816 2672 ut
839 2612 951 2689 Allifae
972 2631 1038 2670 eum
1061 2611 1221 2684 similibus,
1246 2612 1352 2671 veluti:

505 2777 631 2852 Raulisa
867 2776 992 2854 Supoisa

111 2948 214 3009 Deinde
234 2971 290 3029 per
311 2953 337 3010 is
359 2959 389 3010 et
411 2971 451 3023 er,
473 2953 516 3010 ita
538 2961 571 3010 ut
594 2951 706 3008 vocalis
727 2951 817 3010 etiam
840 2949 967 3008 elidatur
994 2949 1042 3025 (ut
1067 2949 1191 3025 Compsa
1214 2949 1335 3026 Tempta
1359 2951 1428 3010 Ora·

111 3050 154 3108 bra
176 3052 272 3130 Cupra
299 3053 388 3113 Ostra
410 3053 588 3130 Venafrum),
612 3053 701 3112 haec:

503 3217 601 3274 Petisa
865 3215 1021 3292 Fleb(e)ra

434 3337 461 3378 to
513 3317 644 3395 Vip(i)ea
670 3313 680 3333 Χ
872 3317 1002 3395 Vic(e)ra

111 3491 174 3550 item
195 3514 246 3572 per
267 3505 294 3554 et
315 3505 345 3554 et
366 3499 403 3567 it,
431 3503 463 3553 ut
485 3495 585 3554 Caieta
608 3492 757 3570 Spoletum
778 3505 808 3552 et
830 3493 954 3566 similia,
981 3511 1059 3570 quae
1087 3511 1179 3570 supra
1207 3495 1363 3570 composui
1391 3495 1428 3551 ad

111 3590 252 3670 Calpetani
273 3615 393 3669 nomen,
416 3598 504 3656 baec:

504 3759 627 3836 Calpeta
866 3760 973 3818 Consta

499 3863 641 3922 *caresta
865 3857 1010 3919 *Tesioito

432 3981 458 4022 ts
501 3961 649 4041 ⁴*Cupreta
870 3962 1014 4039 Ve'pt(i)ta

110 4137 196 4214 Atque
217 4159 267 4215 per
288 4145 325 4212 ic,
350 4150 382 4198 ut
404 4139 545 4201 Labicum
566 4141 712 4200 Satricum
737 4141 861 4210 Tuticus,

300 4303 402 4363 Colica
424 4303 501 4379 (sive
527 4303 671 4378 Geticum)
817 4303 938 4360 Raetica
961 4301 1039 4378 (eive
1061 4301 1222 4377 Raeticum)

228 4424 253 4464 so
295 4405 412 4464 Marica
820 4403 952 4480 Surpica,

112 4563 223 4626 iormsee
243 4571 332 4629 etiam
358 4569 458 4629 Vatiae
479 4579 510 4628 et
529 4569 684 4630 *Subiuoa

181 4669 314 4748 Denique
335 4690 403 4729 aum
425 4672 563 4730 Carreum
579 4671 716 4730 Nomento
737 4669 866 4728 fortasse
890 4669 1127 4744 componendum
1149 4669 1302 4742 Veientum,
1326 4689 1344 4726 a
1366 4689 1426 4746 quo

118 4767 267 4832 l'eieutcuus
292 4791 458 4852 cognomen
484 4775 595 4832 fectum
623 4781 683 4845 est,
711 4782 740 4830 et
766 4791 833 4830 oum
856 4771 1022 4851 peregrinis
1043 4771 1134 4829 veluti
1160 4769 1324 4832 Gaditanus
1348 4792 1425 4833 com-

113 4874 230 4944 paranda
247 4873 428 4936 ⁴*Basitouuu
451 4875 601 4951 Mefitanus
625 4875 651 4932 Τ
649 4877 791 4932 oritanus.

182 4974 402 5056 Quinquaginta
423 4979 554 5055 quinque
576 4977 638 5036 lere
658 4977 793 5036 locorum
815 4979 986 5054 ignotorum
1004 4975 1127 5034 nomina
1142 4977 1216 5035 satis
1233 4979 1427 5054 probabiliter

114 5071 147 5130 ita
163 5077 286 5138 videmur
307 5081 395 5139 nobis
417 5081 672 5140 demonstravisse
692 5079 741 5151 iia,
764 5080 814 5155 qui
836 5078 1084 5155 chorographiam
1099 5078 1205 5139 Italiae
1221 5091 1358 5140 tractant.
1392 5080 1426 5142 Si

114 5177 207 5253 oppida
220 5192 289 5240 nota
309 5181 546 5254 consideramus,
565 5201 604 5240 ex
619 5183 728 5258 quibus
742 5181 865 5240 nomina
880 5181 934 5239 illa
948 5181 1085 5239 derivata
1098 5199 1165 5241 esse
1180 5201 1272 5261 supra
1285 5184 1425 5254 vidimus,

22 5363 23 5368 η
114 5283 242 5350 permulta
254 5303 356 5344 eorum
372 5285 430 5344 sita
443 5285 539 5344 luisse
553 5285 721 5362 reperimus
736 5283 766 5342 in
777 5283 866 5340 Latio
882 5283 1072 5360 potissimum
1088 5292 1117 5343 et
1130 5285 1303 5362 regionibus
1318 5287 1424 5345 vicinis
