3520 6006
546 675 656 728 essm
682 675 764 726 run.
794 673 920 726 nsum.
1336 647 1404 717 101

99 853 162 912 dolis
180 861 206 910 et
224 851 373 910 l'ormulae
395 850 565 929 diligentia,
592 858 625 908 ut
649 849 681 908 id
702 849 792 906 etiam
815 865 891 905 saxo
913 846 1092 905 incideretur
1113 849 1312 922 imperatorem
1336 841 1408 900 Cae·

99 975 172 1014 sorem
190 960 218 1012 ia
238 963 333 1013 moute
347 955 453 1028 saites,
476 953 631 1030 aequalem
647 970 749 1012 eorum
766 958 933 1026 temporum
949 961 1110 1020 auctorem,
1131 947 1162 1007 ni
1177 947 1276 1020 fallor,
1298 946 1407 1024 prodit.

100 1058 163 1119 Sane
188 1059 255 1134 ipsa
280 1057 457 1135 fragmenti,
491 1054 528 1115 dc
554 1073 614 1132 quo
641 1055 773 1132 agimus,
800 1054 947 1128 scriptura
973 1052 1106 1110 rationes
1133 1069 1216 1110 meas
1243 1050 1408 1108 confirmat.

99 1161 144 1220 Est
161 1161 232 1218 enirn
254 1159 310 1218 illa
332 1159 519 1237 superiorum
542 1176 636 1235 aeque
658 1175 693 1216 ac
714 1155 914 1233 posteriorum
937 1155 1141 1214 columnarum
1163 1152 1331 1224 dissimilis,
1356 1152 1409 1210 mi·
1489 1157 1492 1164 '

99 1265 187 1337 notior,
211 1262 345 1335 densior,
367 1281 405 1320 ne
427 1261 598 1322 uberiorum
619 1279 720 1320 rerum
742 1260 846 1335 copiae
866 1258 995 1334 spatium
1017 1257 1141 1316 deesset.
1186 1253 1324 1314 Ceterum
1347 1265 1411 1312 tota

98 1367 184 1424 borum
206 1366 444 1443 fragmentorum
473 1363 725 1440 palaeographica
749 1361 827 1420 ratio
853 1360 969 1438 aliquid
995 1361 1133 1438 perplexi
1159 1357 1262 1432 habet,
1292 1357 1410 1434 dequo

97 1465 383 1546 nonnisi'propositis
404 1466 511 1525 formis
533 1464 572 1524 ad
594 1467 757 1543 archetypa
779 1464 933 1541 expressis
955 1462 1063 1521 disseri
1083 1469 1191 1540 potest.
1233 1458 1293 1520 Sed
1315 1461 1409 1518 tutius

98 1579 133 1629 est
150 1571 218 1629 banc
242 1570 451 1646 quaestionem
472 1568 592 1628 differre
618 1570 649 1627 in
675 1577 810 1646 ternpus,
840 1565 920 1642 quod
948 1583 1037 1643 spero
1065 1565 1150 1624 brevi
1177 1563 1315 1640 felicique
1343 1581 1408 1622 oum

97 1691 213 1733 successu
234 1682 412 1743 venturum,
439 1689 504 1730 cum
531 1690 631 1730 aream
653 1669 719 1730 lovi
746 1669 847 1728 latiari
876 1661 947 1727 olim
978 1685 1093 1726 sacram
1118 1666 1256 1724 ordinata
1276 1665 1410 1724 fossione

96 1776 314 1852 explorabimns.

161 1879 206 1938 Ad
220 1897 313 1956 quem
329 1895 426 1954 usque
441 1895 553 1935 annum
575 1875 605 1934 bi
619 1875 689 1934 iasti
709 1875 771 1934 sint
784 1873 958 1944 continuati,
981 1872 1065 1932 nullo
1086 1889 1212 1950 possum
1235 1879 1410 1950 argumento

96 1979 207 2039 delinire.
247 1978 451 2041 suffectorum
472 1979 629 2038 consulum
651 1979 758 2038 aetatis
777 1977 918 2048 incertae,
939 1977 992 2051 qui
1013 1975 1149 2052 inscripti
1172 1985 1242 2034 sunt
1262 1973 1411 2053 fragmen·

95 2084 297 2142 hsallarinio
312 2081 413 2154 editis,
436 2081 568 2140 nondum
583 2080 675 2140 ullam
690 2086 834 2157 quantum
856 2077 918 2138 scio
940 2077 1077 2137 notitiam
1100 2077 1181 2136 nacti
1204 2094 1307 2136 sumus
1330 2076 1412 2153 (vide

96 2183 261 2257 c.1.1..11,
278 2182 384 2260 2344).
418 2182 525 2244 Ferias
547 2183 657 2242 latinas
687 2190 816 2242 exeunte
837 2181 958 2240 saeculo
981 2181 1070 2240 tertio
1092 2180 1142 2239 vel
1162 2180 1284 2238 ineunte
1306 2187 1411 2256 quarto

95 2288 218 2346 celebrari
249 2286 331 2345 haud
356 2286 485 2346 desiisse
514 2293 641 2346 testatur
667 2285 750 2344 basis
776 2293 894 2344 statuae
920 2283 965 2341 M.
981 2283 1054 2342 Aur.
1079 2283 1186 2342 Victori
1211 2282 1241 2342 C.
1263 2281 1296 2342 V.
1315 2284 1410 2358 praes.

90 2393 177 2465 serim.
195 2391 279 2450 latim
302 2391 443 2448 sacerdoti
465 2390 511 2447 dei
533 2388 611 2448 Solis
633 2388 848 2464 religiosissimo
871 2407 889 2445 a
910 2387 1011 2444 Iovino
1030 2384 1196 2444 Gallici-iano
1218 2384 1412 2461 condiscipulo

95 2493 229 2551 dedicatae
252 2490 366 2570 (Orelli
388 2492 498 2568 3154);
521 2492 607 2550 cuius
629 2490 735 2550 titulus
756 2501 786 2550 et
807 2490 878 2550 stilo
904 2497 934 2548 et
955 2489 1123 2565 scripturae
1144 2505 1252 2566 genere
1274 2495 1413 2558 aetatem,

96 2613 168 2672 quam
181 2595 257 2667 dixi,
278 2613 346 2654 meo
371 2593 481 2653 iudicio
502 2577 575 2670 prae
598 2611 630 2652 se
651 2593 720 2651 fert.
753 2591 870 2652 Harum
891 2591 1032 2652 seriarum
1055 2591 1223 2650 institutum
1245 2591 1333 2648 tertio
1350 2609 1413 2649 ver·

95 2706 160 2757 iente
180 2697 301 2758 saeculo
322 2696 456 2774 viguisse
483 2697 555 2755 item
581 2697 660 2772 lapis
686 2695 774 2755 docet
801 2703 883 2754 certa
903 2694 1047 2772 temporis
1070 2703 1141 2752 nota
1162 2693 1305 2772 insignis,
1335 2711 1413 2751 anno

96 2799 142 2859 115
164 2801 208 2859 rel
229 2799 292 2860 276
315 2819 334 2858 a
356 2797 548 2858 racematus
574 2799 747 2860 &hauribat
767 2803 911 2876 seriarum
934 2799 1089 2856 hunorum
1109 2799 1211 2855 moade
1234 2795 1333 2854 albani
1353 2795 1414 2854 Ta·

96 2903 143 2960 cito
165 2906 307 2982 Angusto
336 2901 490 2961 dedicatus
519 2901 614 2977 (Ball.
637 2901 704 2960 dell’
727 2901 779 2961 lat.
806 2899 885 2959 1870
907 2918 936 2976 p.
955 2899 1036 2976 136).
1081 2899 1164 2957 Inter
1189 2897 1357 2974 fragmenta
1382 2898 1414 2957 in

95 3005 148 3064 eius
168 3006 252 3066 aedis
274 3001 370 3064 ruinis
396 3012 516 3080 reperta
539 3003 699 3064 frustulum
722 3003 782 3062 ridi
804 3002 912 3061 litteris
935 3003 1063 3062 saeculis
1084 3000 1182 3078 quarti
1204 3000 1344 3058 exeuntis
1366 3001 1416 3059 vel

95 3108 177 3182 quinti
197 3115 366 3168 exaratum.
403 3103 570 3166 Christiani
591 3109 754 3183 scriptores
776 3105 865 3182 ludos
888 3105 1021 3164 urbanos
1043 3101 1125 3163 Iovis
1148 3101 1263 3161 latiaris
1285 3101 1413 3162 ethnicis

96 3228 173 3288 saepe
193 3211 430 3290 exprobrarunt:
452 3228 521 3268 nam
544 3209 613 3270 dum
635 3209 746 3268 latinae
768 3209 799 3268 in
820 3215 921 3266 monte
943 3207 1053 3267 albano
1075 3206 1251 3284 agebantur,
1272 3204 1335 3264 ludi
1352 3205 1412 3264 Ro-

95 3331 151 3372 mae
170 3313 294 3384 fiebant,
321 3319 352 3370 et
371 3312 440 3371 fuso
464 3330 482 3370 a
503 3312 722 3390 gladiatoribus
744 3311 890 3390 sauguine
911 3311 993 3369 Iovis
1016 3309 1208 3368 simulacrum
1233 3325 1413 3386 consperge·

95 3415 170 3474 batur
196 3415 251 3492 (cf.
274 3413 465 3493 Marquardt,
493 3413 657 3473 Hondbuch
680 3413 734 3486 IV,
758 3412 847 3488 448).
898 3409 999 3486 Quare
1026 3410 1221 3472 Prudentius:
1248 3407 1415 3469 ‘Funditur

95 3516 228 3576 humanus
249 3517 350 3576 latiari
371 3517 402 3575 in
424 3536 545 3576 munere
567 3511 701 3593 sanguis'
725 3516 845 3590 (contra
863 3512 975 3592 Symm.
990 3515 1015 3588 1,
1038 3514 1126 3591 396):
1154 3532 1214 3590 quo
1236 3513 1303 3572 loco
1326 3521 1416 3590 poeta

94 3619 126 3677 de
138 3619 339 3680 Romanorum
362 3620 457 3678 sacris
478 3619 611 3695 loquitur
632 3628 701 3677 ante
717 3617 881 3677 Theodosii
902 3619 939 3676 de
953 3617 1089 3694 Eugenio
1104 3625 1232 3694 tyranno
1248 3615 1413 3674 victoriam.

95 3719 300 3782 Nicomachum
325 3739 416 3799 porro
438 3720 617 3780 Flavianum
639 3720 834 3800 Eugenianae
859 3721 998 3779 factionis
1021 3720 1126 3778 ducem
1148 3737 1175 3776 a.
1192 3718 1252 3776 394
1280 3719 1415 3776 ethnicas

96 3825 281 3884 caerimonias
296 3824 412 3883 Romae
433 3825 619 3884 instaurasse
633 3825 826 3883 notissimum
841 3833 901 3882 est:
925 3840 1052 3898 eumque
1067 3824 1101 3880 de
1114 3821 1182 3879 love
1199 3821 1268 3879 latio
1284 3839 1416 3896 operosae

95 3926 204 3986 calamna
230 3947 325 4005 nuper
351 3926 465 3986 editum
485 3947 502 3984 e
524 3927 658 4002 parisino
681 3925 782 3985 codice
804 3943 923 3984 carmen
950 3931 1077 3984 testatur
1105 3922 1239 4000 (Hermes
1260 3921 1315 3998 IV,
1338 3921 1414 3995 358;

96 4029 169 4086 Ball.
192 4028 316 4088 d'ureh.
340 4032 415 4088 crist.
442 4026 521 4086 1868
544 4049 573 4106 p.
590 4028 644 4100 633
672 4027 778 4100 Riese,
806 4027 997 4113 Antholrlot.
1019 4026 1035 4085 I
1057 4045 1086 4102 p.
1106 4025 1167 4101 17).
1213 4023 1298 4098 Quae
1324 4025 1417 4083 verba

96 4149 154 4189 cnm
174 4131 331 4192 Prudentii
353 4149 442 4190 versu
470 4130 580 4189 collata
606 4137 636 4188 et
662 4131 792 4189 maxime
815 4127 992 4188 Nicomachi
1019 4147 1092 4206 erga
1119 4135 1249 4186 veterum
1279 4127 1416 4185 instituta

96 4243 123 4290 et
144 4251 227 4292 sacra
254 4234 361 4293 ardens
390 4233 565 4310 superstitio
597 4233 746 4309 probabili
772 4232 882 4291 indicio
910 4241 981 4290 sunt
1007 4229 1092 4288 illum
1119 4229 1291 4289 consulares
1317 4229 1415 4287 fasces

98 4353 167 4394 anno
199 4335 260 4394 394
290 4354 407 4394 summa
439 4354 506 4394 cum
544 4341 692 4412 potestate
724 4335 839 4394 Rornae
871 4341 1020 4393 tenentem
1053 4331 1172 4391 nonnisi
1208 4331 1338 4408 peractis
1370 4350 1416 4389 re-

97 4435 215 4513 ligiosae
236 4437 311 4515 legis
333 4439 520 4516 praescripto
541 4437 642 4496 latinis
665 4445 769 4496 contra
790 4435 997 4495 Theodosium
1019 4453 1104 4492 arma
1129 4435 1269 4492 movisse.
1315 4431 1417 4507 Quare

98 4557 121 4595 a
143 4541 200 4598 394
227 4541 466 4617 antiquissimum
489 4540 605 4598 *festum
632 4540 709 4598 diem
735 4540 933 4598 instauratum
961 4535 1125 4614 eodemque
1152 4529 1230 4594 anno
1251 4534 1417 4594 Theodosii

98 4639 312 4718 triumphatoris
333 4643 399 4730 lege
420 4643 451 4700 in
467 4655 642 4720 perpetuum
659 4641 803 4701 abolitum
819 4641 1021 4718 templumque
1036 4639 1116 4699 lovis
1132 4639 1248 4698 latiaris
1263 4639 1417 4697 occlusum

100 4743 254 4802 verisimile
273 4744 379 4804 iudico.

1054 4910 1078 4968 1.
1102 4908 1138 4968 B.
1160 4923 1203 4968 oe
1224 4907 1334 4968 Rosst.
