3504 6004
313 582 387 654 240
833 593 1113 648 snnrusnnnus
1527 587 1655 638 mis-sis

311 687 1652 716 Μ

394 792 442 851 ns
462 811 492 852 n.
516 789 625 851 mssa
647 789 690 868 (p.
707 789 792 866 301).
835 789 872 848 ln
898 788 1009 848 trudito
1033 787 1162 847 lectione
1190 800 1362 845 offirmo
1393 765 1497 864 tivo
1511 809 1522 876 ··
1543 793 1654 838 »oses

311 897 406 956 lutere
434 910 507 954 uvru
522 925 528 940 ·
544 909 669 964 eoussr,
701 893 720 951 i.
744 911 770 952 e.
801 891 975 952 duumviratu·
992 899 1141 968 potestate,
1176 889 1293 950 monuit
1314 884 1441 949 Carolus
1469 882 1594 942 llorel
1624 881 1658 940 in
1746 955 1747 970 χ

265 1037 271 1048 ·
313 997 504 1080 ephemeride
524 997 701 1058 Britannice
722 995 767 1056 tie
788 993 934 1072 Acoderop
957 1013 985 1053 s.
1010 992 1090 1052 1870
1112 1011 1142 1070 p.
1159 992 1230 1052 301.

1545 1175 1656 1186 ——-

313 1307 377 1370 310
405 1307 476 1384 (ins.
505 1315 577 1384 post
601 1325 631 1366 n.
660 1305 765 1382 2004).
809 1303 900 1366 Besis
936 1321 1031 1381 parve
1064 1301 1235 1364 Nescuniue
1270 1301 1375 1379 (Valle
1406 1301 1441 1360 ds
1475 1299 1658 1375 Abdalojis)

352 1419 485 1488 reperte,
513 1417 633 1471 servate
658 1409 690 1470 in
717 1407 840 1488 praedio
869 1406 999 1486 quodum
1021 1407 1136 1477 vicium
1166 1406 1284 1466 litterae
1310 1405 1436 1466 detritae
1458 1413 1533 1464 sunt
1554 1421 1658 1482 paene
1747 1439 1748 1454 2

356 1531 470 1574 omnes.

913 1602 1041 1671 protense

594 1717 694 1759 urceos
841 1701 968 1776 focinus
988 1695 1100 1756 velatae
1254 1705 1359 1772 potero

837 1851 901 1896 uno
931 1837 980 1896 sc!
1001 1849 1114 1893 vvrrur

845 1953 931 1999 mcc
1063 1952 1135 1997 mou

394 2077 547 2157 Berlengu
581 2076 741 2155 descripsit
766 2076 909 2154 misitque
938 2083 1093 2153 ectypurn,
1125 2075 1192 2153 ipse
1217 2080 1336 2152 praeter
1365 2075 1417 2134 deo
1443 2091 1551 2133 vocem
1581 2073 1660 2132 certi

312 2181 388 2242 nihil
410 2180 583 2262 dignoscere
606 2199 639 2242 se
661 2180 829 2240 consessus.

314 2567 378 2628 stt
402 2567 472 2646 (ins.
499 2577 569 2645 post
594 2589 623 2627 n.
652 2567 757 2644 2010).
800 2565 970 2627 Nescsuine
1005 2586 1068 2645 rep.
1105 2585 1133 2626 s.
1163 2565 1251 2626 1874.
1295 2565 1428 2628 Litteroe
1464 2575 1536 2625 sunt
1574 2567 1661 2626 attae
1750 2639 1751 2646 ἵ

356 2685 387 2730 et
407 2678 510 2731 tenues
532 2671 645 2732 soeculi
667 2671 746 2731 tertii
768 2670 910 2730 ineuntis.
1750 2659 1751 2664 ¹

758 2792 774 2832 u
794 2804 801 2819 ·
819 2787 910 2832 usuro
931 2803 938 2818 ·
961 2787 1110 2844 errnse
1132 2787 1292 2849 grossus·

799 2889 1292 2934 musuniensi-setus·

758 2991 1292 3040 ornumornumsrsrvsru·

758 3095 936 3153 nrvtooys·
948 3095 1051 3140 nouo·
1065 3093 1293 3140 nscvxrorsrsvs

707 3203 720 3242 r
874 3197 1038 3244 nsnrcsvtr

401 3322 554 3401 Berlsngs
575 3320 735 3400 descripsit
755 3329 786 3382 et
807 3330 946 3400 ectypum
968 3321 1006 3382 eb
1028 3320 1133 3380 smicis
1156 3320 1213 3380 sibi
1235 3321 1360 3382 missum
1382 3340 1497 3381 mecum
1518 3340 1661 3382 eommu-

317 3426 440 3487 nicuvit.
484 3425 589 3486 Lectio
618 3433 700 3483 certe
720 3433 777 3496 est,
804 3441 872 3482 num
895 3421 976 3502 quod
997 3421 1151 3500 Berlsngo
1171 3423 1299 3500 primum
1320 3423 1437 3504 legerat
1458 3443 1486 3483 v.
1509 3425 1529 3483 4
1553 3441 1659 3485 srvio

315 3545 382 3588 mus
414 3543 507 3602 nnr0,
541 3527 676 3606 quemvis
718 3525 885 3604 elegantius
921 3525 1034 3584 dictum
1074 3535 1167 3598 esset,
1223 3537 1331 3604 posteo
1365 3528 1522 3605 perspexit
1556 3527 1659 3588 inisse

316 3631 417 3710 potins
450 3645 734 3703 srvtooysmnrm
770 3629 851 3704 quod
877 3628 999 3705 etipse
1028 3630 1060 3687 in
1092 3636 1200 3706 ectypo
1237 3629 1399 3708 distinguo.
1443 3628 1523 3689 v.2
1555 3631 1658 3690 tribus

317 3753 427 3794 nomen
448 3733 585 3812 genetivo
607 3749 680 3792 essu
702 3731 833 3810 positum
856 3740 890 3790 ut
910 3731 943 3790 II
965 3729 1024 3790 34?
1051 3729 1140 3789 1186.

402 4189 453 4248 Ad
474 4210 502 4250 n.
527 4187 608 4248 2395
632 4189 675 4265 (p.
699 4189 785 4265 335).
841 4187 991 4248 Libellum
1018 4191 1160 4267 anonymi
1188 4189 1249 4266 (um
1272 4189 1425 4250 Flauisnss
1453 4209 1487 4252 se
1512 4193 1577 4269 ipse
1601 4211 1657 4270 sp·

316 4292 424 4370 pellet)
446 4291 571 4351 deloco
592 4291 738 4368 Panopae,
772 4311 859 4368 quem
892 4291 1005 4349 frustra
1036 4293 1225 4369 quaesivisse
1257 4311 1304 4351 me
1326 4293 1366 4351 ibi
1389 4293 1469 4366 dixi,
1500 4294 1656 4370 indagavit

318 4413 446 4470 meoque
479 4411 572 4453 censo
602 4393 736 4468 inspexit
767 4392 929 4454 Eduardns
951 4396 1107 4470 Augustus
1139 4393 1230 4452 Allen
1251 4394 1440 4454 Portuensis.
1483 4399 1655 4473 Acceperat

317 4497 370 4557 ills
391 4496 528 4556 libellum
550 4514 569 4554 u
589 4495 746 4555 Lndovico
768 4495 805 4556 de
826 4493 925 4554 Bessa
946 4493 1069 4568 Curres,
1093 4497 1240 4555 advocatu
1261 4497 1292 4556 iu
1323 4497 1400 4578 Velio
1414 4499 1491 4560 Beni
1511 4499 1654 4578 degente3

319 4599 357 4658 de
378 4599 474 4658 titulis
489 4607 587 4658 sutem
603 4597 834 4675 Penoyensibus
851 4597 981 4675 scriptor
996 4607 1069 4658 notu
1083 4607 1199 4658 tentum
1213 4600 1323 4675 repetit
1343 4619 1382 4659 ex
1397 4602 1535 4679 Argutio,
1555 4619 1654 4678 neque

318 4721 390 4762 vero
410 4703 478 4778 ipse
498 4701 582 4761 vidit
609 4699 685 4760 Inde
706 4699 743 4758 de
765 4699 947 4778 Kingstonis
969 4719 1089 4778 quoque
1110 4699 1170 4760 fide
1192 4719 1272 4760 nove
1293 4703 1489 4763 subnascitur
1509 4704 1651 4781 suspicio.

320 5070 385 5131 318
415 5071 487 5148 (ins.
510 5081 581 5150 post
601 5093 630 5134 n.
648 5069 754 5148 2388).
798 5069 913 5152 (lippus
934 5074 1015 5132 ultus
1037 5089 1076 5130 m.
1095 5071 1121 5130 l.
1138 5070 1189 5145 32,
1210 5071 1290 5133 lutus
1310 5075 1340 5134 0.
1353 5073 1403 5147 30,
1425 5093 1546 5137 crassus
1559 5072 1650 5144 035,

361 5193 421 5234 nun
450 5177 555 5252 procul
582 5197 601 5235 u
628 5175 709 5235 Villo
730 5175 805 5235 Real
824 5185 976 5252 repertus,
1008 5175 1120 5234 infixus
1147 5175 1256 5251 parieti
1282 5175 1389 5238 domos
1414 5177 1540 5240 alicuius
1566 5178 1649 5237 ium

361 5287 487 5357 purtem.
533 5277 655 5342 Titulus
678 5277 823 5340 bifarium
846 5277 960 5340 divisus
984 5287 1031 5340 est
1051 5275 1238 5355 marginibus
1260 5279 1446 5342 extantibus.
