3504 6004
351 626 423 697 282
908 645 1114 698 mutnus

1734 679 1735 720 t

389 822 549 900 requisitus
575 818 755 880 acicorone
783 819 836 896 (od
856 823 988 897 Attep.
1014 820 1067 892 13,
1090 821 1143 894 33,
1167 820 1219 897 3),
1246 821 1317 879 item
1344 839 1411 880 cnm
1438 819 1663 898 praescriptione

390 933 512 985 senatus
541 923 669 982 consulti
696 922 775 1001 apud
796 923 959 999 Iosephum
986 931 1046 981 ant.
1070 923 1263 996 14,10‚10‚
1291 942 1367 1000 quas
1395 929 1441 981 cst
1461 923 1546 982 hacc:
1574 911 1662 996 δόγμα
1734 915 1735 992 l

392 1021 557 1104 συγκλήτου
591 1015 847 1109 ἀντιγεγραμμένον
880 1025 911 1082 ἐκ
937 1025 991 1082 τοῖν
1020 1013 1123 1083 δὲλτων
1155 1027 1210 1082 τοῖν
1241 1018 1378 1096 δημοσίων
1406 1026 1462 1083 τοῖν
1489 1023 1663 1092 ταμιευτικῶν

388 1121 493 1204 Κοίντῳ
514 1120 656 1204 Ῥουτιλίῳ
749 1119 888 1211 Κορνηλῖῳ
910 1119 1022 1194 ταμιάις
1043 1122 1119 1183 uacci
1141 1116 1223 1184 πόλιν
1245 1117 1332 1204 δέλτῳ
1356 1118 1472 1210 δευτέρᾳ
1493 1115 1541 1184 καὶ
1563 1123 1593 1183 ἔκ
1612 1126 1663 1183 τοῖν

389 1221 514 1314 πρώτων,
537 1231 689 1307 alteraque
710 1230 800 1290 simili
815 1236 937 1288 senatus
951 1230 1082 1289 consulti
1096 1229 1383 1306 Aphrodisiadsnsis
1405 1229 1521 1306 (Lebas
1536 1239 1566 1286 et
1578 1227 1662 1285 Wad-

391 1333 514 1411 dington
536 1354 565 1392 n.
584 1331 692 1409 low:
720 1321 765 1388 {ni
791 1373 964 1390 .........
978 1353 1010 1388 ου
1037 1323 1154 1388 Λευκίου
1182 1331 1246 1388 υἱοῦ
1270 1322 1387 1389 ὑπάτων
1413 1329 1444 1389 ἐκ
1470 1333 1525 1388 τῶν
1552 1325 1663 1406 cido-ys·

386 1425 590 1520 ῳῳαμμὲνωνῑ)
621 1426 770 1511 κεφαλαίῳ
800 1477 889 1493 .....
900 1423 1029 1510 π]ε’μπτῳ
1057 1422 1126 1510 ἕκτῳ
1147 1423 1267 1510 §liddam
1291 1422 1387 1510 ὄῳδᾶῳ
1408 1423 1497 1510 ἔνοῖτῳ
1518 1433 1662 1509 τα[μιευτι-

385 1541 441 1596 κῶν
469 1529 572 1596 δέλτων
595 1580 707 1596 ......
730 1535 849 1612 ratas]qu
870 1529 946 1592 uacci
968 1526 1049 1592 adm
1072 1525 1159 1612 δὲλτῳ
1183 1525 1286 1618 πρώτῃ.
1329 1535 1418 1610 Quod
1446 1535 1517 1594 olim
1543 1537 1576 1594 in
1601 1553 1662 1592 ann.

387 1641 455 1698 inst.
482 1640 561 1700 1858
583 1661 612 1717 p.
632 1639 689 1698 192
717 1639 764 1698 his
790 1639 865 1697 locis
888 1638 988 1696 allatis
1016 1637 1219 1697 demonstravi
1241 1638 1366 1716 singulis
1388 1639 1477 1697 annis
1499 1644 1664 1714 quaestores

386 1744 517 1802 urbanos
540 1741 677 1800 volumen
705 1741 951 1800 conscribendum
978 1741 1131 1800 curavisse
1157 1751 1279 1800 senatus
1308 1741 1515 1800 consultorum
1538 1758 1573 1798 eo
1595 1757 1664 1797 anno

385 1846 547 1916 factorum,
575 1845 606 1902 id
633 1845 721 1903 ctiam
747 1845 801 1904 sub
824 1843 1053 1920 imperatoribus
1074 1843 1106 1901 in
1127 1861 1186 1902 usu
1207 1845 1356 1903 mansisse
1378 1845 1438 1902 iam
1460 1843 1663 1919 intellegimus.

388 1947 565 2024 Explicatur
587 1948 643 2018 ita,
670 1946 750 2023 quod
775 1946 929 2004 consulum
951 1947 1072 2004 nomina
1093 1965 1152 2006 non
1176 1955 1262 2005 sexto
1283 1963 1356 2005 casu
1378 1947 1490 2024 scripto
1513 1955 1597 2016 sunt,
1618 1941 1664 2001 scd

388 2050 535 2122 secundo;
556 2049 633 2108 liber
654 2049 742 2121 enim,
765 2049 843 2107 unde
865 2049 922 2106 hoc
943 2048 1093 2107 decretum
1114 2049 1322 2126 depromptum
1343 2059 1399 2120 est,
1420 2049 1570 2108 continuit
1590 2063 1664 2106 sena-

386 2163 435 2211 tus
465 2159 531 2210 acta
559 2153 624 2211 eius
652 2152 722 2210 anni
749 2152 850 2210 omnia
877 2159 938 2208 tam
964 2171 983 2210 a
1004 2150 1178 2210 oonsulibus
1201 2151 1360 2210 ordinariis
1381 2152 1462 2210 facta
1483 2169 1574 2227 quam
1595 2149 1665 2207 facta

386 2275 405 2313 a
435 2255 576 2314 suffectis.
600 2287 638 2296 -
666 2254 734 2312 Hoc
759 2254 865 2312 mirum
892 2261 938 2313 est
963 2262 993 2312 et
1020 2271 1130 2312 novum
1156 2254 1266 2312 librum
1291 2254 1349 2313 dici
1371 2272 1431 2311 non
1453 2262 1580 2312 senatus
1604 2270 1663 2310 con·

385 2357 547 2430 sultorum,
581 2357 634 2414 sed
668 2357 879 2415 sententiarum
912 2357 942 2414 in
976 2365 1081 2414 senatu
1112 2356 1256 2415 dictarum
1264 2377 1272 2428 ;
1305 2357 1357 2432 qui
1384 2375 1451 2414 oum
1479 2354 1665 2431 comprehen-

385 2459 461 2518 derit
482 2477 607 2518 necesse
630 2460 670 2517 sit
691 2466 759 2517 acta
780 2467 901 2517 senatus
923 2477 999 2536 quaa
1022 2459 1140 2535 quidem
1162 2459 1279 2536 publice
1293 2437 1551 2536 perscribeientur
1565 2457 1664 2523 omnia,

386 2561 475 2637 plena
495 2561 650 2638 inscriptio
671 2561 727 2618 fuit
748 2562 854 2638 opinor
875 2561 1089 2620 sententiarum
1110 2562 1141 2618 in
1164 2571 1270 2620 senatu
1292 2562 1434 2620 dictarum
1454 2561 1664 2620 consultorum-

384 2681 442 2739 que
469 2665 507 2722 ab
535 2682 573 2722 eo
598 2663 757 2736 factorum,
784 2665 869 2722 cuins
891 2663 997 2722 indicis
1020 2664 1086 2722 sola
1107 2664 1205 2742 prima
1226 2665 1317 2722 verbo
1338 2665 1544 2741 descriptores
1566 2679 1663 2740 posue·

383 2773 461 2824 runt.
480 2799 518 2808 —
545 2765 683 2842 Denique
706 2785 773 2824 cum
794 2774 873 2824 recte
894 2767 1049 2842 agnoverit
1070 2766 1287 2825 Wilmannsius
1308 2767 1416 2843 capitis
1438 2774 1559 2836 notam,
1584 2782 1664 2840 aegre

384 2867 569 2927 desideratur
590 2869 692 2927 tabula
712 2869 868 2947 paginare,
891 2887 980 2944 quam
1002 2877 1119 2946 praeter
1141 2877 1229 2945 caput
1251 2869 1281 2926 in
1300 2868 1448 2926 volumine
1471 2869 1593 2926 citando
1612 2865 1664 2923 sol·

383 2970 509 3029 lemnem
531 2970 625 3029 fuisse
646 2971 719 3029 alibi
740 2971 940 3030 demonstravi
964 2971 1079 3047 (Herm.
1096 2970 1185 3029 voli
1201 2989 1230 3048 p.
1246 2970 1328 3046 116).
1363 2969 1460 3044 Quam
1482 2972 1602 3028 obrem
1621 2976 1664 3026 ant

382 3073 412 3130 in
439 3073 538 3150 lapide
565 3073 622 3131 fuit
648 3074 685 3130 ad
707 3073 763 3131 hoc
785 3075 955 3151 exemplum
977 3089 1111 3130 κϋΜ
1135 3083 1187 3132 aut
1208 3074 1335 3152 paginae
1358 3073 1504 3132 indicatio
1526 3072 1663 3131 collocata

307 3199 310 3206 ·
384 3175 442 3232 fuit
463 3175 528 3234 loco
550 3194 654 3250 parum
677 3184 746 3252 apto
768 3184 838 3252 post
860 3175 968 3252 t(nsra)
991 3175 1157 3252 a(cr·iptam)
1181 3185 1230 3233 cst.

341 3277 391 3334 Ad
413 3297 440 3336 v.
458 3279 485 3338 5.
530 3277 619 3352 Quod
641 3279 711 3336 olim
733 3279 835 3336 monui
857 3277 945 3354 (0.1.
961 3276 998 3335 L.
1018 3281 1030 3335 1
1049 3298 1078 3355 p.
1094 3278 1166 3355 113)
1189 3278 1471 3336 senatusconsulta
1494 3279 1548 3337 ubi
1570 3279 1661 3336 dicun-

331 3379 333 3384 ’
382 3387 429 3437 tur
455 3379 535 3438 facta
562 3397 629 3438 esse
653 3385 683 3438 to
705 3383 830 3453 comitio,
857 3381 898 3438 ibi
925 3380 1058 3456 intellegi
1084 3382 1198 3440 curiam
1219 3381 1380 3440 Hostiliam
1402 3380 1528 3456 inipso
1551 3377 1662 3438 comitio

384 3482 527 3556 positam,
556 3482 611 3540 hac
637 3483 818 3541 indicatione
846 3487 876 3540 io
904 3487 1012 3542 comitto
1038 3487 1069 3540 in
1095 3487 1178 3541 ouria
1205 3483 1302 3542 denuo
1330 3483 1537 3567 copfirmatur.
1581 3480 1663 3540 Curia

383 3594 479 3642 autem
505 3583 686 3660 intellegitur
711 3585 802 3657 Iulia,
830 3604 919 3662 quam
946 3590 976 3643 in
1004 3585 1124 3644 comitio
1146 3585 1195 3642 vel
1220 3586 1258 3642 ad
1285 3585 1437 3644 comitium
1459 3584 1558 3644 luisse
1578 3593 1662 3642 testes

384 3693 454 3744 sunt
479 3685 597 3745 Plinius
617 3687 671 3760 35,
692 3687 725 3759 4,
746 3686 783 3744 27
808 3695 837 3745 ct
859 3685 918 3745 Dio
939 3687 992 3759 45,
1016 3688 1067 3759 173
1094 3707 1161 3746 nam
1184 3707 1249 3746 eam
1272 3705 1452 3763 quamquam
1475 3688 1661 3746 Domitianus

381 3789 497 3859 refecit,
526 3789 622 3846 locum
649 3807 709 3846 non
735 3791 896 3848 mutavisse
922 3789 1011 3847 hodie
1036 3807 1138 3848 omnes
1166 3791 1363 3848 consentiunt.
1407 3790 1482 3849 Fuit
1510 3801 1608 3849 autem
1629 3787 1660 3844 ad

383 3909 483 3948 arcum
512 3887 624 3950 Severi.
677 3888 838 3949 Comitium
870 3893 962 3967 igitur
990 3911 1025 3949 eo
1053 3893 1120 3970 ipso
1147 3893 1214 3951 loco
1242 3893 1444 3968 quaerendum
1477 3911 1547 3952 csse
1575 3894 1661 3950 denuo

382 3993 438 4051 hoc
464 3993 593 4070 optimae
621 3994 806 4051 auctoritatis
835 3993 1011 4052 documento
1039 3995 1201 4067 stabilitum
1228 4014 1325 4071 neque
1351 3995 1514 4071 displicere
1541 3995 1600 4052 sibi
1623 3991 1660 4048 rei

381 4096 518 4173 quamvis
547 4103 635 4154 notae
663 4103 692 4152 et
719 4093 895 4155 diiudicatae
924 4097 1191 4170 confirmationem,
1221 4099 1331 4174 quippe
1359 4115 1436 4173 quac
1462 4107 1538 4174 apta
1566 4096 1603 4155 sit
1627 4091 1658 4151 ad

379 4200 469 4256 tricas
498 4198 663 4257 comitiales
692 4217 711 4255 a
738 4199 839 4256 nescio
869 4201 975 4275 quibus
1003 4199 1198 4278 topographis
1226 4219 1321 4276 nuper
1352 4201 1449 4258 denno
1482 4200 1658 4275 excogitatas

379 4301 562 4372 refutandas,
585 4300 703 4375 scripsit
724 4300 762 4358 ad
783 4321 830 4360 me
851 4320 938 4378 quem
961 4302 997 4361 de
1019 4303 1163 4361 hocloco
1184 4303 1320 4361 consului
1341 4303 1445 4360 harum
1467 4321 1569 4360 rerum
1590 4297 1659 4375 peri·

381 4404 515 4462 tissimus
537 4402 693 4461 Iordanus.
715 4435 752 4444 —
782 4401 857 4462 Cum
884 4405 915 4462 in
942 4413 1063 4463 senatus
1086 4405 1225 4464 consulto
1246 4404 1458 4480 perscribando
1482 4421 1595 4472 annus,
1620 4409 1658 4456 ut·

379 4515 448 4582 pote
469 4504 521 4581 qui
543 4523 581 4562 ex
604 4505 830 4580 magistratuum
853 4507 1024 4564 nominibus
1046 4507 1124 4565 effici
1147 4507 1256 4582 possit,
1277 4526 1337 4565 non
1359 4525 1427 4564 raro
1449 4512 1655 4583 praetereatur,

379 4607 443 4666 dies
471 4614 583 4677 autem,
612 4625 670 4682 quo
700 4616 820 4665 senatus
848 4609 1032 4680 convenerit,
1060 4629 1121 4668 non
1146 4610 1241 4686 magis
1271 4610 1425 4668 omittatur
1451 4627 1542 4686 quam
1571 4608 1655 4672 locus,

380 4711 456 4767 diem
484 4729 521 4767 ne
543 4710 581 4766 ab
603 4709 660 4766 hoc
682 4709 801 4785 qnidam
828 4711 1024 4769 instrumento
1051 4713 1163 4771 afuisse
1189 4712 1343 4784 existimo,
1372 4713 1425 4770 sed
1452 4710 1595 4788 temporis
1618 4708 1655 4764 in-

378 4812 455 4871 iuria
475 4810 611 4888 periisse.
645 4809 724 4869 Nam
747 4813 901 4872 elementis
923 4813 1116 4872 dinumeratis
1138 4816 1216 4873 inter
1237 4815 1327 4874 verba
1347 4818 1378 4873 in
1399 4817 1509 4873 comitio
1531 4817 1561 4872 ta
1582 4811 1654 4870 corta

337 5051 540 5062 *ιι-ιι.-

413 5232 437 5296 l)
466 5231 532 5285 Cum
551 5249 637 5285 versus
657 5235 730 5286 finiat
748 5236 775 5285 in
795 5227 831 5297 οἶν,
852 5237 978 5286 restitutio
999 5252 1088 5302 parum
1107 5239 1240 5290 satisfacit.
