3504 6004
360 622 433 694 202
767 643 853 696 von.
872 643 887 696 1
912 643 1274 706 nuurovrssurnuvu.
1637 647 1679 696 cn

358 823 459 894 partes
491 827 599 878 essent.
650 815 814 879 Curatores
850 819 964 878 viarum
1005 817 1072 895 lege
1107 783 1236 876 Visellia
1271 818 1401 876 instituti
1435 836 1556 876 numero
1590 817 1678 894 plures

359 917 471 979 fuerint
480 938 602 981 necesse
615 929 670 994 est,
682 939 751 980 nam
762 921 814 998 qui
824 921 994 980 nominatur
1007 939 1035 978 v.
1046 920 1196 979 lllitteris
1207 920 1277 978 licet
1287 920 1541 992 evanescentibus,
1557 895 1698 978 diversus‘

364 1029 412 1080 est
427 1023 548 1082 omnino
560 1042 580 1082 a
594 1033 730 1084 curatore
746 1043 773 1082 v.
793 1023 839 1082 16.
864 1021 975 1082 (lurum
987 1043 1066 1082 auno
1080 1023 1196 1082 finitam
1210 1021 1306 1090 fuisse
1322 1023 1374 1081 vix
1390 1021 1581 1092 crediderim
1601 1022 1679 1080 immo

359 1121 424 1182 fieri
436 1133 545 1200 potest,
554 1136 588 1184 ut
597 1135 757 1203 propterea
766 1126 956 1202 potissimum
964 1135 1117 1185 curatores
1129 1124 1257 1184 instituti
1265 1125 1335 1194 sint,
1347 1125 1426 1201 quod
1432 1141 1572 1184 censores
1583 1123 1680 1200 quique

362 1235 520 1302 praeterea
541 1246 633 1306 opera
653 1228 774 1306 publica
793 1229 909 1288 maiora
928 1227 1067 1287 locabant
1088 1227 1125 1286 ab
1146 1228 1184 1285 iis
1207 1227 1361 1304 exigendis
1382 1227 1528 1304 temporis
1548 1225 1680 1301 augustiis

361 1327 425 1386 fere
436 1330 681 1406 prohibebantur.
705 1330 934 1391 ordinariorum
955 1331 1183 1407 magistratuum
1197 1328 1419 1406 quodammodo
1442 1330 1573 1406 speciem
1586 1328 1607 1386 ii
1621 1345 1681 1402 prae

360 1447 393 1488 se
412 1430 521 1506 ferunt,
544 1451 610 1492 cum
632 1451 740 1492 nomeu
756 1433 895 1510 generale
916 1433 956 1492 sit
977 1433 1233 1510 aequabiliterque
1255 1433 1368 1504 redeat,
1390 1431 1520 1506 denique
1541 1437 1681 1488 curatores

361 1541 510 1610 quotquot
523 1535 645 1594 fuerunt
658 1535 754 1595 libera
768 1555 800 1594 re
814 1535 935 1613 publica
949 1536 980 1594 iu
996 1535 1124 1594 comitiis
1138 1534 1200 1594 fere
1214 1535 1305 1594 creati
1318 1535 1388 1592 sint.
1425 1529 1485 1594 Sed
1497 1535 1570 1592 haec
1590 1532 1682 1590 fallere

358 1651 451 1711 posse
482 1637 582 1710 rideo;
614 1637 651 1696 de
679 1638 737 1696 hoc
765 1639 825 1696 iam
855 1645 970 1696 constat
998 1637 1124 1715 septimo
1151 1637 1233 1696 urbis
1263 1637 1384 1696 saeculo
1413 1653 1569 1695 censorem
1596 1633 1682 1710 operis

360 1736 398 1795 ab
427 1737 495 1815 ipso
531 1740 624 1800 locati
659 1739 799 1817 exigendi
836 1758 937 1800 curam
970 1741 1112 1800 mundare
1144 1740 1280 1818 potuisse
1316 1739 1404 1798 alicui
1443 1757 1484 1797 ex
1513 1737 1684 1797 curatoribus

361 1839 490 1900 riarum.

444 1941 473 2002 6.
495 1943 643 2004 Extremo
664 1944 733 2004 loco
755 1945 953 2004 subscribitur
974 1963 1083 2004 nomen
1105 1945 1275 2020 quaestoris
1296 1945 1404 2004 urbani
1425 1963 1500 2004 casu
1524 1952 1622 2002 sexto:

512 2067 540 2106 v.
585 2047 618 2106 6:
640 2047 673 2104 Τ.
701 2045 783 2106 Vitio
806 2090 814 2105 .
838 2093 845 2107 .
869 2091 876 2106 .
910 2047 1177 2124 L(?)e(?)muudino
1199 2065 1227 2124 q.
1248 2049 1310 2107 urb.

511 2169 540 2208 v.
567 2151 618 2208 11:
645 2148 678 2206 Τ.
708 2147 743 2208 Vt
769 2192 1153 2210 .............

420 2299 421 2304 ,
511 2269 540 2308 v.
566 2251 618 2310 15:
642 2251 674 2309 T.
702 2251 783 2310 Vibio
805 2251 835 2310 L
868 2294 1156 2311 ..........

360 2349 438 2412 Cum
470 2373 563 2412 unum
594 2361 711 2412 tantum
730 2359 787 2414 ‘ex
819 2355 948 2432 collegio
980 2373 1087 2412 nomeu
1125 2360 1269 2430 ponatur,
1318 2355 1509 2414 statuendum
1551 2363 1598 2414 est
1629 2372 1685 2412 eum

358 2455 504 2534 intellegi,
526 2455 578 2533 qui
599 2457 719 2516 iubente
740 2474 864 2516 censore
885 2461 1041 2536 pecuniam
1063 2457 1194 2534 mancipi
1216 2455 1389 2515 attributam
1411 2457 1566 2518 solvisset.

443 3096 556 3156 Tribus
595 3101 702 3174 primis
742 3097 939 3156 locationibus
979 3107 1062 3175 patet
1115 3101 1260 3160 contineri
1311 3101 1391 3160 viam
1433 3097 1587 3161 Salariam
1629 3099 1685 3160 refi-

360 3198 493 3260 ciendam
522 3207 630 3270 totam;
669 3217 724 3258 uec
758 3199 847 3276 louge
884 3199 993 3260 distare
1028 3201 1136 3275 locum,
1178 3203 1228 3262 ubi
1259 3203 1338 3282 lapis
1373 3203 1555 3264 eruderatus
1592 3215 1644 3276 est,
1673 3223 1687 3259 s

358 3313 447 3380 porta
468 3299 597 3373 Collina,
620 3299 700 3359 uude
721 3303 824 3360 exibat
844 3301 895 3360 via
916 3299 1035 3362 Salaria
1056 3305 1112 3364 iter
1133 3303 1277 3379 facturus,
1300 3317 1368 3381 apte
1383 3305 1552 3366 Heuzenus
1574 3305 1685 3365 monuit

360 3403 406 3463 lla
426 3403 477 3464 ria
502 3403 653 3464 reficiendi
681 3420 773 3462 causa
804 3403 835 3461 iu
863 3412 923 3463 tres
946 3405 1099 3481 portiones
1121 3407 1219 3467 divisa
1240 3417 1300 3480 est,
1327 3417 1360 3466 ut
1385 3409 1484 3484 primo
1514 3407 1685 3486 redemptori

358 3507 482 3567 refectio
503 3507 694 3566 mandaretur
713 3505 752 3564 ad
771 3505 833 3564 mil.
856 3505 993 3580 XXXV,
1018 3509 1103 3568 alteri
1123 3527 1143 3566 a
1166 3509 1228 3568 mil.
1250 3510 1388 3570 XXXVI
1408 3513 1447 3570 sd
1464 3509 1685 3580 LXXXHH,

359 3609 446 3668 tertio
482 3629 501 3669 a
535 3609 597 3668 mil.
634 3607 866 3668 LXXXXVIII
891 3609 930 3668 ad
971 3607 1058 3669 CXX
1085 3621 1115 3670 et
1142 3611 1229 3671 ultra.
1272 3611 1423 3672 Locorum
1461 3614 1684 3675 indicationibus

302 3755 307 3765 .
360 3730 438 3789 quae
469 3711 501 3770 in
536 3712 623 3771 titulo
653 3715 841 3798 continentur
876 3729 937 3771 non
968 3709 1205 3788 immorabimum
1246 3715 1426 3775 conveniunt
1459 3718 1491 3775 in
1523 3718 1685 3776 universum

359 3833 426 3874 cum
447 3815 601 3874 itinerario
621 3814 703 3892 quod
726 3813 865 3872 traditum
887 3813 1057 3893 accepimus
1079 3817 1149 3875 hoc:
