3520 6006
348 693 418 766 148
777 711 1080 762 Aonrrnnuusvu
1100 711 1185 762 von.
1206 713 1234 762 11

341 899 410 946 vato
438 857 635 946 manumissio
662 893 822 962 patronum
848 885 933 958 facit,
961 885 1004 944 its
1028 885 1057 942 in
1089 884 1153 943 iure
1179 883 1313 960 publicu,
1335 885 1498 962 aliquando
1526 886 1596 944 lecit
1619 887 1664 946 de·
1747 867 1748 882 ³

341 991 441 1049 ductio
464 990 512 1048 vol
538 989 568 1046 in
594 989 683 1047 fidem
707 989 847 1066 receptio,
869 1021 907 1031 -
936 987 1031 1049 Aliud
1052 997 1100 1046 est
1120 987 1218 1045 adhuc
1240 989 1390 1064 ignotum,
1418 989 1477 1046 iam
1499 1007 1570 1046 vero
1591 998 1665 1066 pate-

339 1093 468 1163 factum,
496 1101 664 1150 senatorem
692 1091 796 1168 populi
818 1091 947 1150 Romani
973 1091 1125 1166 filiumque
1147 1091 1296 1149 senatoris
1318 1100 1476 1168 patronum
1499 1093 1593 1150 creari
1612 1111 1665 1149 non

340 1195 475 1271 potuisse
497 1213 533 1252 eo
554 1203 687 1271 tempore
709 1211 770 1270 quo
792 1194 950 1270 imperium
973 1193 1121 1251 obtineret
1141 1193 1211 1250 inve
1233 1193 1386 1268 provincia
1407 1201 1502 1266 esset3
1526 1194 1606 1269 quod
1619 1214 1666 1252 cur

340 1297 543 1356 introductum
566 1297 614 1370 sit,
636 1296 723 1355 facile
746 1304 880 1375 apparet.
918 1295 1063 1357 Similiter
1078 1297 1233 1372 Augustus
1256 1295 1490 1372 provincialibus
1511 1297 1665 1366 interdixit,
1747 1317 1748 1376 3

340 1419 377 1459 ne
406 1401 454 1458 cui
482 1399 671 1476 magistratui
699 1408 833 1476 ternpore
860 1399 1055 1476 magistratus
1084 1399 1200 1457 intrare
1229 1396 1288 1456 LX
1317 1397 1382 1457 dies
1415 1410 1486 1474 post
1513 1418 1582 1458 eum
1610 1400 1666 1457 fini·

340 1511 403 1561 tum
429 1504 572 1561 honorem
600 1501 795 1578 haberenti).
843 1501 1024 1560 Patronatus
1052 1509 1150 1559 tamen
1179 1502 1378 1560 instrumenta
1409 1519 1488 1577 quae
1516 1512 1668 1578 supersunt
1747 1487 1748 1536 l

340 1624 378 1663 ne
407 1605 539 1664 melioris
568 1605 688 1680 quidem
717 1605 823 1664 astutis
853 1623 920 1662 cum
950 1625 987 1663 ea
1015 1605 1080 1682 lege
1108 1603 1182 1662 satis
1209 1603 1396 1678 conspirant3
1426 1623 1495 1662 nam
1523 1623 1590 1662 cnm
1615 1623 1667 1662 non
1747 1547 1748 1640 l

340 1707 440 1766 desint
460 1707 501 1765 ibi
524 1709 672 1783 equestris
696 1708 807 1766 ordinis
829 1707 946 1786 patroni
970 1726 1006 1766 eo
1028 1715 1162 1784 tempore
1183 1706 1285 1780 creati,
1309 1725 1369 1782 qao
1390 1708 1421 1764 in
1436 1706 1594 1784 provincia
1611 1707 1667 1764 osli·

340 1811 387 1868 cio
410 1809 652 1886 fungerentur1),
682 1821 743 1870 tres
765 1819 844 1868 certe
865 1810 936 1869 item
959 1810 1077 1887 repperi
1098 1809 1235 1868 similiter
1257 1819 1373 1868 creatos
1395 1817 1541 1887 patronos
1564 1808 1668 1868 ordinis

341 1913 500 1984 senatorii,
528 1912 643 1971 scilicet
663 1911 699 1971 L.
722 1913 889 1971 Domitium
912 1913 1146 1972 Ahenobarbum
1173 1931 1240 1970 cum
1267 1911 1430 1990 proconsul
1452 1921 1535 1970 esset
1557 1912 1668 1969 Africae

342 2035 367 2072 a.
386 2035 414 2072 u.
429 2034 454 2072 c.
472 2015 532 2072 742
555 2015 597 2092 (v.
621 2037 649 2092 p.
670 2015 725 2073 147
750 2015 819 2074 adn.
837 2015 880 2091 5),
904 2013 940 2089 Q.
965 2015 1071 2075 lulium
1095 2013 1264 2075 Secundum
1288 2033 1355 2072 eum
1378 2015 1496 2093 legatus
1520 2025 1602 2074 esset
1621 2033 1667 2091 pro

340 2123 478 2195 praetore
500 2115 663 2176 Numidiae
686 2137 712 2175 a.
734 2137 762 2194 p.
785 2116 856 2176 Chr.
878 2119 917 2178 55
946 2117 1134 2193 (Wilmanna
1157 2139 1185 2176 n.
1203 2115 1319 2192 2852),
1346 2115 1382 2175 C.
1405 2117 1536 2175 Marium
1559 2117 1668 2175 Puden·
1747 2161 1748 2202 p

340 2229 400 2278 tem
422 2217 650 2290 Cornelianum,
680 2237 746 2278 cum
773 2219 890 2297 legatus
917 2228 998 2280 esset
1019 2221 1147 2298 legionis
1169 2239 1195 2278 a.
1213 2217 1271 2276 222
1301 2218 1414 2291 (Orelli
1434 2218 1521 2296 956).
1568 2217 1668 2293 Quam·
1747 2205 1748 2296 l

341 2341 432 2400 quarn
459 2321 569 2399 opponi
596 2330 708 2398 potest,
735 2323 762 2380 si
788 2323 956 2400 praesidem
982 2331 1141 2401 patronum
1167 2323 1309 2398 adoptare
1331 2323 1511 2400 generaliter
1534 2323 1668 2391 licuisset,

340 2427 429 2502 longe
452 2425 540 2502 plura
560 2425 624 2484 eius
646 2426 764 2501 generis
786 2425 984 2484 instrumenta
1005 2445 1060 2484 nos
1082 2427 1223 2484 habitura
1244 2425 1352 2497 luisse,
1379 2432 1540 2503 potestque
1563 2444 1610 2484 res
1630 2425 1669 2482 sic
1747 2451 1748 2484 ς

341 2527 487 2606 explicari
509 2527 605 2606 legem
628 2547 704 2600 eam,
730 2546 817 2604 quam
842 2527 1031 2588 Ursonenses
1054 2523 1231 2598 habuerunt,
1254 2546 1402 2604 peraeque
1424 2529 1603 2601 obtinuisse,
1623 2527 1669 2584 sed

341 2649 398 2688 non
429 2649 498 2688 raro
525 2639 629 2688 contra
657 2650 722 2689 eam
753 2639 896 2708 patronos
927 2631 1087 2709 adoptatos
1115 2649 1183 2690 esse
1212 2640 1264 2690 eut
1294 2638 1468 2708 contemptu
1497 2631 1565 2690 eius
1593 2632 1668 2709 igno·

340 2733 476 2792 rautiave
499 2741 551 2790 aut
571 2707 720 2809 permissu
742 2730 982 2811 imperatorist).
1747 2739 1748 2820 l

196 3072 334 3136 Magistra·
428 3059 649 3136 Magistratibus
672 3081 762 3138 prove
787 3067 956 3139 magistratu
979 3064 1085 3138 populi
1105 3063 1229 3120 Romani
1251 3063 1312 3134 7,1
1339 3061 1387 3118 ius
1415 3063 1504 3121 datur
1529 3064 1560 3122 in
1590 3064 1669 3121 decu-

197 3147 479 3270 tl{¹1³⁰l‘lllrionibus
507 3165 594 3223 ludos
624 3165 794 3241 spectandi3
829 3166 919 3223 etium
945 3165 1025 3240 quod
1054 3165 1190 3240 sequitur
1217 3169 1300 3240 quive
1328 3168 1388 3222 iuri
1416 3167 1538 3225 dicunda
1565 3173 1671 3243 praeca

236 3235 324 3270 omum
342 3285 433 3343 supra
460 3287 488 3342 p.
508 3265 565 3324 132
594 3267 697 3326 monui
725 3286 785 3325 non
813 3267 851 3324 ad
878 3267 1013 3325 coloniae
1040 3266 1234 3344 magistratus
1256 3268 1404 3342 pertinere
1427 3268 1538 3340 videri,
1566 3269 1617 3329 sed
1637 3268 1670 3325 ad

341 3369 457 3445 legatos
479 3369 712 3446 adsessoresque
734 3369 954 3448 proconsulum.
989 3369 1150 3428 Praeterea
1170 3373 1354 3445 mapistratus
1374 3380 1559 3447 potestasque
1574 3371 1671 3448 populi

341 3469 630 3543 Romanensem
653 3483 921 3532 commemorantur
941 3472 1018 3530 inter
1040 3490 1157 3544 causas,
1179 3481 1299 3549 propter
1323 3491 1397 3550 quas
1418 3481 1447 3531 et
1461 3473 1562 3532 IIviro
1576 3481 1605 3532 et
1618 3472 1669 3531 ciri

341 3563 431 3633 liceat
457 3574 495 3632 nd
517 3591 640 3632 causam
663 3593 682 3632 a
703 3591 736 3632 se
759 3575 905 3651 agendam
927 3594 987 3634 non
1009 3575 1124 3633 adesse.
1169 3575 1292 3633 Senator
1313 3580 1507 3651 senatorisque
1522 3578 1606 3653 filias
1622 3595 1668 3651 po·

337 3677 404 3754 pali
425 3678 548 3736 Romani
574 3677 683 3752 quibus
711 3676 938 3736 condicionibus
965 3677 1082 3753 patroni
1109 3677 1243 3752 hospites
1270 3677 1404 3753 adoptari
1427 3679 1561 3754 possint,
1588 3677 1667 3736 modo

342 3780 486 3850 vidimus3
514 3779 585 3836 item
612 3799 641 3856 p.
665 3779 723 3837 132
749 3779 856 3838 iisdem
883 3780 971 3856 eique
996 3779 1048 3855 qui
1077 3787 1197 3837 senator
1222 3777 1313 3837 fuerit
1337 3781 1384 3838 ius
1414 3781 1503 3839 tribui
1530 3781 1616 3839 ludos
1641 3780 1668 3835 in

342 3881 552 3941 decurionibus
574 3881 737 3958 spectandi.
778 3881 861 3940 Idem
884 3883 932 3940 ius
955 3881 1019 3967 7,4
1042 3882 1213 3940 conceditur
1231 3885 1377 3958 praesecto
1392 3883 1513 3958 fabrum
1536 3887 1594 3942 dits
1615 3899 1666 3938 na·

340 3991 479 4063 pistratns
502 4003 593 4060 proce
614 3987 800 4059 mapistratu,
827 3989 877 4062 qui
898 3985 1075 4061 Hispaniam
1095 3985 1257 4043 ulteriorem
1279 3985 1424 4057 obtinebit5
1452 3986 1569 4061 dequo
1592 4002 1666 4061 prae·

341 4090 419 4148 fecto
451 4086 599 4164 equestris
634 4085 747 4146 ordinis
776 4089 895 4146 homine
923 4087 990 4146 vide
1019 4105 1096 4164 quae
1125 4085 1188 4145 dixi
1216 4085 1398 4146 Staatsrectt
1430 4087 1552 4158 1‚102.
1581 4087 1613 4158 2,
1632 4083 1665 4144 92

342 4193 541 4266 dixeruntque
568 4207 644 4264 quos
670 4191 712 4249 ibi
733 4191 832 4249 citavi.
855 4225 893 4235 -
923 4189 971 4248 De
991 4189 1157 4248 honoribus
1179 4187 1214 4250 Ο.
1239 4187 1366 4260 Caesari
1385 4191 1417 4248 in
1438 4189 1503 4286 lege
1525 4188 1666 4250 attributis

342 4294 497 4354 dictatoris
520 4295 710 4371 imperatoris
733 4292 868 4352 consulis
890 4293 1077 4368 proconsulis
1097 4293 1210 4351 dictum
1232 4299 1280 4352 est
1300 4311 1329 4370 p.
1349 4292 1417 4352 119.

419 4586 442 4650 ¹)
469 4587 604 4638 Eiusmodi
629 4585 731 4638 decreta
754 4587 781 4636 in
806 4585 930 4636 honorem
955 4585 1141 4650 praefectorum
1165 4585 1268 4636 fabrum
1291 4585 1361 4637 iacta
1380 4591 1469 4636 extant
1493 4600 1517 4636 a.
1537 4587 1551 4635 7
1570 4602 1595 4650 p.
1610 4583 1663 4634 Chr.

342 4678 449 4741 (Marini
468 4681 533 4731 ΑΝ.
553 4696 578 4744 p.
593 4679 657 4742 783)
678 4685 703 4729 et
721 4693 745 4730 a.
761 4680 794 4728 27
809 4685 834 4728 et
849 4678 881 4728 28
903 4677 963 4740 (vol.
978 4679 1012 4741 V,
1026 4677 1227 4740 esso-4922).

418 4768 443 4834 2>
471 4772 524 4822 mo
539 4772 582 4834 se,
598 4771 641 4822 25.
885 4757 891 4768 “

417 4863 441 4926 ³)
471 4863 603 4928 [Fortasse
623 4865 727 4915 decreta
744 4863 809 4914 haec
828 4879 858 4914 eo
878 4865 935 4929 ipso
956 4871 1071 4930 tempore
1089 4864 1243 4926 factasunt,
1265 4879 1316 4930 quo
1333 4864 1499 4928 proconsules
1513 4863 1550 4913 illi
1563 4861 1663 4926 legatirc

341 4957 456 5008 officium
475 4957 647 5022 deponebant,
668 4957 843 5008 othonorum
863 4972 960 5020 eorum,
981 4971 1046 5022 quos
1064 4957 1143 5008 modo
1162 4971 1251 5022 gerere
1268 4957 1411 5019 desiissent,
1431 4953 1662 5008 vocabulaabnsirs

340 5050 373 5100 iis
393 5051 611 5101 continuarentur.
650 5048 780 5114 Hieran]

1747 5067 1748 5096 l

1333 5175 1392 5235 Tu.
1417 5175 1583 5235 Mouussn.

1747 5295 1748 5344 l

1747 5357 1748 5400 l

1747 5465 1748 5508 1
