3520 6006
789 1971 1247 2086 ADDITAMENTA

615 2165 720 2254 ‘Au
750 2172 1011 2260 CORPORIS
1039 2173 1296 2258 vouvuuu
1325 2173 1354 2254 1.

932 2423 1085 2434 ann-—

347 2623 418 2687 296
448 2626 560 2686 tabella
586 2627 700 2687 uhcueu
725 2647 788 2706 rep.
815 2627 930 2688 Romae
960 2629 1007 2688 vel
1038 2633 1069 2687 in
1095 2644 1167 2705 agro
1190 2624 1328 2686 Romano
1356 2630 1441 2682 extat
1471 2621 1558 2700 apud
1583 2619 1673 2699 Capo-

345 2727 515 2788 biuuchium
538 2749 636 2790 rerum
658 2732 848 2822 antiquarum
870 2731 1050 2791 institorem.

428 3926 600 4004 Descripsit
622 3925 847 4000 Gumurrinius;
883 3927 1044 3988 chzcnus
1067 3927 1192 3987 contulit
1221 3926 1372 4004 ediditque
1394 3926 1478 3986 Bull.
1507 3931 1576 3986 inst
1596 3923 1669 3984 aret.

347 4029 428 4089 1874
449 4051 479 4108 p.
503 4029 552 4092 82.

425 4129 521 4191 ‘Albai
534 4132 644 4192 dictum
667 4141 714 4192 est
734 4151 790 4211 pro
811 4131 922 4205 Albuti,
942 4131 1071 4192 Albensi.
1115 4133 1163 4192 De
1185 4132 1309 4192 elisione
1325 4133 1472 4192 vocalium
1493 4135 1525 4192 in
1540 4147 1669 4191 sermone

341 4233 528 4314 ‘praesertim
561 4235 825 4294 Praenestinorum
858 4245 991 4294 veterum
1024 4236 1062 4296 cf.
1091 4235 1211 4294 Ritschl
1244 4235 1347 4294 Ricin.
1374 4235 1453 4294 Mus.
1476 4255 1504 4293 n.
1527 4235 1565 4292 F.
1596 4231 1665 4291 1861

342 4335 381 4414 ‘p.
406 4337 445 4396 60
468 4355 551 4414 seqq.
590 4369 628 4379 -
674 4335 749 4396 Cum
779 4337 866 4396 Actu·
882 4347 968 4416 putre
997 4337 1135 4398 videntur
1155 4349 1236 4398 recte
1257 4339 1396 4416 componi
1416 4337 1568 4409 Reatinuc,
1596 4335 1668 4392 Tibe·

342 4436 442 4511 ‘rimtc
466 4439 614 4516 Turpcnuc
632 4435 735 4518 pater?
779 4439 828 4498 W.
851 4439 892 4499 H.

347 4875 417 4936 29⁷
439 4875 637 4954 fragmentum
658 4875 767 4953 lapidis
790 4875 941 4937 Tiburtini
963 4877 1072 4936 litteris
1108 4877 1235 4936 vetustis
1262 4875 1378 4936 Romuc
1410 4895 1516 4937 meuse
1547 4871 1661 4938 Octobri

386 4979 456 5038 anni
488 4977 565 5038 1873
594 4987 759 5040 extractum
788 4999 826 5038 ex
862 4997 949 5038 muro
975 4981 1104 5055 quodam
1136 4987 1236 5039 vetere
1262 4997 1357 5056 prope
1377 4979 1499 5039 domum
1525 4975 1661 5038 curatoris

386 5081 493 5140 cerarii
528 5081 640 5158 publici
677 5079 833 5157 (ministero
860 5081 933 5140 delle
955 5081 1098 5158 ficum),
1134 5099 1211 5160 quac
1246 5083 1394 5141 extruitur
1428 5083 1506 5142 inter
1530 5069 1660 5160 'plateam

386 5186 417 5242 di
455 5183 579 5243 Termini
617 5191 648 5242 et
678 5193 796 5262 portam
833 5182 920 5242 Pium
958 5183 997 5242 ad
1032 5185 1112 5243 vium
1144 5185 1217 5244 olim
1248 5185 1280 5243 cb·
1302 5194 1390 5262 portu
1412 5183 1480 5258 Pia,
1530 5199 1605 5243 nunc
1624 5175 1660 5238 ἀί

384 5291 460 5346 uenti
480 5285 640 5347 Settcmbre.
