3510 6014
829 611 1104 660 ADDITAMEN'I'A
1124 609 1207 660 VOL.
1228 609 1272 658 III

662 923 777 1006 Balneis
799 949 932 1006 Romano
952 967 1044 1024 prope
1071 947 1164 1020 Triffer
1185 945 1229 1022 (p.
1247 946 1317 1004 630.
1344 944 1446 1020 1018).

386 1084 457 1144 972
481 1106 534 1144 ara
553 1105 614 1163 rep.
639 1085 810 1144 Rdmerbad
832 1083 944 1142 Ttiffer.

980 1222 1172 1264 NYMPHIS

953 1325 1057 1365 AVG·
1084 1323 1174 1366 SACR

927 1425 1173 1468 APPVLEIVS

1005 1529 1119 1570 FINITI

900 1635 911 1671 5
954 1630 1175 1672 v·s·t·ra
1283 1639 1294 1649 ‘

385 1755 507 1815 Pichler
529 1755 640 1814 (ἔναιεν
663 1755 781 1830 Zeiturrp
807 1754 886 1811 1871
909 1755 972 1811 lan.
998 1754 1025 1810 7.

674 2139 819 2200 MVNIC.
865 2139 1086 2200 CLAVDIVM
1109 2139 1262 2199 CELllIA
1286 2139 1328 2216 (p.
1347 2139 1431 2216 631).

387 2278 457 2338 973
480 2280 518 2338 ad
546 2301 573 2338 n.
596 2279 686 2340 5210.
739 2277 882 2338 Servatur
909 2279 1024 2339 Gratzii
1052 2281 1081 2336 in
1111 2279 1278 2350 Iohanne03
1307 2279 1406 2336 denuo
1434 2277 1534 2336 edidit
1560 2277 1634 2353 ligno
1656 2293 1689 2331 er·
1738 2355 1739 2362 ἵ

427 2401 562 2459 pressam
589 2383 628 2442 N.
655 2381 747 2440 Kohu
777 2383 873 2439 Mitti.
908 2384 959 2440 der
987 2382 1280 2441 Centrolcornmr'esc‘on
1314 2379 1582 2456 Supplemerrtboad
1610 2375 1690 2451 (1871)
1738 2373 1739 2432 i

428 2504 456 2561 p.
473 2486 523 2556 47,
548 2495 674 2544 testatus
703 2485 841 2543 tabellam
868 2503 934 2543 esse
963 2503 1158 2542 marmoream
1185 2501 1318 2542 crassam
1340 2503 1379 2542 m.
1402 2482 1515 2553 0.(115,
1542 2481 1627 2539 latam
1647 2479 1691 2534 lou-

428 2606 555 2666 gamquc
578 2608 615 2645 m.
639 2587 742 2656 0.085,
765 2591 906 2662 cernique
928 2589 958 2644 in
981 2606 1017 2644 ea
1039 2601 1227 2656 nonsa10n‚
1250 2586 1303 2645 sed
1319 2602 1444 2656 sator,
1471 2592 1505 2642 ut
1527 2583 1563 2642 de
1585 2599 1599 2640 e
1618 2582 1690 2638 litters

428 2691 558 2748 dubitari
581 2699 709 2765 nequeat
731 2707 826 2765 neque
849 2689 948 2748 littera
963 2699 1032 2765 post
1055 2708 1119 2746 eam
1143 2689 1248 2748 deesse
1263 2689 1409 2746 rideatur.
1454 2681 1691 2763 Interpretatioab

427 2811 463 2852 eo
485 2793 641 2872 proposita
657 2795 725 2866 soto
739 2791 775 2848 P.
797 2793 893 2851 Victor
915 2811 982 2850 cum
998 2791 1118 2849 delendi
1139 2810 1199 2848 non
1222 2796 1318 2866 possit
1339 2789 1423 2867 (nam
1447 2791 1481 2848 in
1505 2789 1597 2848 sacris
1610 2797 1637 2842 nt
1653 2781 1689 2840 lati

427 2895 507 2953 latae
534 2897 609 2966 sata,
636 2899 679 2953 ita
705 2893 798 2952 fatum
827 2914 886 2952 non
914 2899 1060 2972 reperitur
1086 2913 1141 2952 neo
1166 2895 1263 2970 magis
1291 2893 1362 2952 ferri
1389 2902 1492 2968 potest
1519 2893 1549 2950 in
1575 2885 1690 2948 eiusmodi

427 2998 515 3056 titulo
543 2998 725 3074 gentilicium
754 2997 929 3072 omissum),
958 2997 1054 3055 adhue
1081 2995 1256 3054 crediderim
1278 2996 1370 3054 fuisse
1393 2995 1423 3051 in
1446 2993 1574 3054 tessella
1593 2990 1625 3048 ab
1643 2986 1689 3044 alite

428 3100 576 3159 similibus
599 3101 772 3158 continuata
802 3101 885 3176 (ipsa
906 3099 984 3158 enim
1007 3099 1125 3175 integra
1147 3099 1207 3174 est)
1230 3111 1349 3156 vrcroa
1372 3112 1578 3156 rmvmraroa
1598 3105 1688 3162 corrup
1737 3119 1738 3152 1

428 3211 490 3260 tum
514 3221 532 3259 a
554 3202 755 3277 quadratario.

386 3403 459 3470 974
481 3411 518 3469 ad
541 3431 569 3470 n.
588 3411 679 3470 5223.
723 3413 807 3471 Vidit
823 3413 949 3491 Segnior
972 3413 1050 3486 (cod.
1068 3411 1166 3470 Paris.
1183 3409 1250 3470 Lat.
1269 3410 1368 3470 16929
1393 3431 1420 3487 p.
1439 3411 1501 3470 825
1525 3409 1585 3484 bis)
1606 3419 1631 3466 et
1648 3408 1683 3464 la·-

426 3515 535 3572 tionem
563 3513 756 3574 Duellianam
780 3515 811 3572 iu
833 3516 880 3574 his
903 3515 1084 3574 emendavit:
1122 3517 1145 3571 Υ1
1177 3531 1287 3572 caviat
1308 3547 1349 3558 -
1371 3515 1389 3573 5
1413 3527 1683 3574 ssacvtaroavrt-

429 3615 457 3673 6.
482 3616 498 3672 7
522 3632 566 3673 sn
580 3659 692 3676 ......
707 3633 963 3678 mnvtuannssm
977 3661 1067 3676 .....
1081 3633 1239 3676 rect-:mur

894 4019 1038 4095 Morbnrp
1061 4019 1104 4098 (p.
1122 4020 1206 4095 648).

384 4153 454 4214 975
479 4156 516 4214 ad
539 4175 567 4214 n.
585 4157 675 4216 5314.
719 4155 789 4215 Non
818 4165 896 4216 reete
926 4159 1081 4217 dubitasse
1109 4178 1156 4216 me
1183 4159 1219 4216 de
1247 4158 1377 4216 lectione
1404 4159 1484 4216 tituli
1506 4153 1622 4215 dedicati
1639 4147 1682 4206 d's·

426 4261 493 4316 trr'ci
512 4257 661 4333 Anpustoe
687 4259 852 4318 docuerunt
872 4281 919 4318 me
947 4261 1025 4319 tituli
1047 4261 1183 4320 Africani
1206 4272 1266 4319 tres
1288 4261 1396 4337 reperti
1419 4261 1450 4318 in
1474 4261 1540 4318 vico
1555 4251 1682 4316 Ain-Asis·

425 4359 584 4419 Bu-Tellis
610 4362 688 4422 inter
710 4360 824 4421 Cirtam
847 4373 875 4420 et
897 4361 1004 4422 Sitifim
1035 4365 1083 4422 siti
1110 4383 1204 4438 nuper
1226 4363 1370 4438 recogniti
1396 4363 1433 4421 ab
1458 4361 1585 4420 Antonio
1605 4355 1680 4414 Hau

426 4465 462 4521 de
491 4461 654 4522 Villeiosse
683 4465 822 4540 (rapport
847 4484 897 4523 aar
924 4485 979 4524 une
1004 4470 1120 4524 miseton
1147 4466 1366 4540 orcleolopique
1390 4484 1424 4523 ert
1446 4465 1563 4541 Alpe'rr'e
1586 4453 1681 4518 Paris?it

428 4565 506 4623 1874
529 4587 558 4643 p.
576 4567 714 4643 b'Oseq.)‚
738 4585 867 4642 quorum
890 4586 966 4625 unus
989 4569 1093 4644 templi
1116 4579 1160 4626 est
1181 4567 1309 4625 dedicati
1332 4566 1448 4626 Nutrtoi
1468 4569 1557 4642 App„
1581 4563 1629 4618 duo
1646 4551 1679 4612 alii

357 4649 360 4660 ¹
425 4667 561 4726 victimas
588 4681 763 4727 enumerant
791 4671 963 4729 numinibus
991 4671 1168 4747 quibusdam
1198 4691 1216 4728 a
1243 4669 1447 4728 sacerdotibus
1470 4665 1586 4729 Saturni
1609 4659 1678 4738 prim
1735 4703 1736 4710 .

426 4771 615 4846 secundoque
638 4772 764 4844 oblatae,
795 4772 909 4831 scilicet
931 4792 1035 4847 aprum
1059 4774 1170 4830 domiao
1193 4771 1338 4846 (Saturno
1365 4771 1503 4848 scilieet),
1530 4781 1627 4826 tuarum
1645 4759 1678 4814 dr
1735 4749 1736 4772 ³

425 4876 509 4942 mtno,
537 4874 676 4931 orientem
703 4875 825 4944 Τεῖἱειννῗ,
849 4876 987 4932 berberem
1009 4875 1087 4945 lovi,
1111 4875 1249 4932 oviculam
1273 4875 1403 4946 Nutrici,
1431 4891 1559 4950 coponem
1578 4857 1675 4924 trucul·

425 4975 506 5032 edum
530 4975 685 5046 Mercurio,
708 4997 813 5052 apae-m
834 4977 947 5034 Veneri.
992 4975 1068 5035 Cum
1084 4977 1189 5035 Tellus
1213 4987 1243 5034 et
1261 4975 1374 5035 Nutrix
1396 4985 1425 5035 et
1446 4977 1541 5034 Iocum
1561 4971 1675 5029 atterum

426 5079 509 5144 <nam
531 5077 562 5135 in
584 5078 679 5136 altero
703 5079 789 5136 titulo
812 5079 865 5136 illa
886 5081 991 5155 quinta
1012 5089 1071 5152 est,
1099 5081 1172 5138 haec
1192 5080 1294 5155 tertia)
1324 5087 1354 5137 et
1379 5078 1491 5156 pariter
1516 5071 1620 5134 ovicula
1639 5065 1674 5120 ho·

425 5185 582 5250 norentur,
615 5198 684 5237 oum
707 5179 886 5240 Villelossio
919 5181 1080 5240 indicanda
1111 5191 1158 5240 est
1185 5181 1297 5241 Nutrix
1324 5184 1462 5256 Angusta
1493 5177 1528 5238 ad
1553 5171 1674 5234 Tellurem

427 5297 518 5355 prope
541 5281 691 5340 accedere.
