3504 6004
341 644 414 716 260
634 665 940 718 ossaavnurouss
967 665 1246 718 EPIGRAPHICAE
1273 665 1365 716 xvrr.

338 847 410 898 natu
432 839 574 898 maiorem
593 839 769 899 Polemonis
791 849 821 900 et
842 839 1077 918 Pythodoridis,
1098 839 1312 917 Tryphaenam
1335 850 1433 898 autem
1456 839 1521 897 eius
1544 857 1655 897 uxorem

340 949 495 1016 praeterea
515 941 647 1020 ignotam
671 942 768 1001 adhuc
790 943 925 1020 plerique
948 951 1129 1012 statuerunt;
1157 961 1253 1019 neque
1280 942 1367 1000 aliter
1387 941 1478 1001 statui
1505 942 1610 1017 potuit,
1634 942 1656 998 si

340 1043 461 1118 quidem
482 1043 544 1102 Dio
566 1044 634 1103 loco
655 1046 746 1104 citato
768 1064 829 1104 non
850 1046 969 1104 erravit.
1014 1049 1057 1105 At
1082 1044 1254 1122 opinionem
1276 1045 1364 1123 strigo
1390 1051 1541 1121 receptam
1565 1043 1659 1102 evertit

340 1145 546 1222 Waddington
569 1167 604 1205 eo
627 1147 707 1223 quod
729 1148 901 1207 observavit
922 1147 1116 1208 Polemonem
1139 1165 1217 1220 eum,
1240 1147 1292 1223 qui
1314 1166 1341 1204 a.
1359 1147 1397 1205 38
1419 1166 1474 1204 rex
1494 1145 1590 1205 factus
1610 1154 1657 1217 est,

339 1249 370 1306 in
391 1249 521 1306 nummis
545 1249 613 1308 anni
637 1250 716 1308 tertii
732 1250 846 1308 vultum
868 1269 940 1326 prae
961 1269 993 1308 se
1007 1252 1086 1310 serre
1108 1251 1192 1326 pueri
1210 1267 1355 1308 annorum
1371 1249 1434 1308 fere
1449 1249 1613 1324 quindecim
1625 1249 1657 1322 ¹),

339 1369 405 1408 cum
435 1350 649 1426 Pythodoridis
683 1351 761 1410 lilius
797 1361 869 1410 natu
901 1355 996 1410 rnaior
1026 1371 1061 1411 eo
1088 1363 1222 1429 tempore
1248 1370 1344 1412 anuos
1379 1370 1440 1410 non
1465 1353 1597 1427 potuerit
1615 1351 1658 1408 ha-

339 1451 408 1511 bere
430 1453 528 1512 miuus
550 1454 775 1532 quinquaginta.
819 1453 985 1532 Propterea
1005 1453 1104 1531 egoi)
1127 1456 1328 1514 coniecturam
1351 1455 1498 1531 proposui
1519 1453 1658 1530 Pythodo

338 1555 396 1613 ridi
418 1556 603 1614 successisse
623 1575 684 1616 non
706 1557 816 1629 fitium,
848 1558 901 1616 sed
923 1567 1075 1635 nepotem,
1101 1558 1360 1618 Dionemautem
1386 1575 1487 1615 errore
1515 1566 1659 1632 paternum

338 1675 461 1734 regnum
485 1657 609 1732 dixisse,
633 1659 713 1735 quod
735 1669 817 1718 esset
837 1660 963 1730 auitum3
985 1660 1075 1736 idque
1096 1661 1123 1719 si
1146 1679 1206 1719 non
1223 1678 1334 1732 verum,
1356 1667 1436 1717 certe
1450 1678 1469 1716 a
1485 1677 1555 1716 vero
1578 1676 1660 1734 prope

339 1760 448 1819 abesse
470 1759 531 1820 iam
553 1769 686 1838 apparet.
726 1761 798 1820 Fuit
819 1763 898 1821 enim
920 1762 1046 1822 Polemo
1068 1763 1145 1821 aiter
1166 1781 1235 1821 vere
1258 1761 1473 1839 Pythodoridis
1496 1779 1603 1837 nepos,
1627 1779 1660 1818 ax

337 1862 401 1919 filia
423 1869 535 1934 tamea,
557 1881 617 1922 non
639 1881 678 1922 ex
700 1863 778 1936 filio,
800 1865 881 1922 filius
904 1875 1001 1924 autem
1026 1863 1143 1942 Cotyis.
1187 1864 1267 1925 Nam
1288 1871 1448 1942 postquam
1471 1863 1660 1941 comperimus

338 1963 511 2024 Polemonis
538 1965 626 2022 matri
653 1984 761 2025 nomen
790 1967 884 2026 luisse
910 1969 1063 2054 Antonias
1085 1968 1299 2045 Tryphaenae,
1332 1967 1531 2045 imperatores
1561 1975 1660 2035 autem,

337 2067 389 2143 qui
411 2068 448 2125 ab
471 2067 604 2126 Antonio
626 2067 740 2127 Illviro
767 2069 912 2146 originem
941 2071 1103 2142 traherent,
1131 2071 1196 2129 eius
1223 2069 1358 2128 mulieris
1385 2070 1573 2147 propinquae
1598 2087 1660 2126 snae

337 2169 408 2227 filiis
436 2187 624 2245 summopere
661 2170 783 2244 favisse,
820 2172 1033 2250 Tryphaenam
1068 2175 1101 2231 in
1135 2173 1264 2231 nummis
1300 2171 1472 2230 Polemonis
1500 2189 1660 2247 repraesen-

336 2281 428 2330 tatam
455 2272 515 2330 iam
541 2289 628 2331 nemo
654 2274 776 2350 negabit
802 2293 861 2334 non
894 2295 1021 2334 uxorem
1043 2275 1108 2335 eius
1131 2293 1199 2334 esse
1226 2272 1314 2349 (cum
1335 2274 1517 2350 praesertim
1546 2273 1655 2332 aliunde

337 2383 520 2452 compertum
536 2375 576 2433 sit
599 2392 721 2433 uxorem
736 2376 931 2438 Polemonem
952 2379 1079 2438 duxisse
1093 2377 1259 2436 Berenicen
1278 2377 1358 2454 regis
1373 2376 1508 2436 Herodis
1527 2375 1661 2450 filism³)‚

337 2477 390 2535 sed
417 2485 556 2550 matrem,
584 2478 655 2536 item
678 2479 727 2538 vel
755 2487 877 2556 propter
904 2481 1000 2542 solum
1022 2481 1224 2558 Tryphaenae
1246 2498 1355 2538 nomen
1377 2479 1510 2538 nummis
1539 2479 1602 2538 suis
1623 2479 1660 2536 io-

337 2581 481 2656 scriptum
502 2579 696 2638 Polemonem
719 2581 845 2641 alterurn
868 2583 989 2642 omnino
1012 2584 1049 2641 ad
1072 2584 1196 2660 stirpem
1213 2579 1319 2658 Cotyis
1340 2580 1531 2641 referendum
1553 2579 1658 2656 esse4).

335 2682 382 2741 Ita
402 2683 460 2741 hoc
482 2701 600 2760 quoque
622 2683 806 2760 intellegitur
820 2684 974 2744 Tiberium
996 2685 1027 2744 in
1044 2685 1135 2743 Ponti
1156 2703 1249 2763 regno
1270 2685 1302 2743 id
1324 2685 1424 2762 ipsum
1447 2684 1567 2756 iecisse,
1589 2683 1659 2760 quod

334 2785 405 2843 fecit
426 2785 456 2842 in
480 2784 626 2856 Thracia,
654 2785 768 2845 scilicet
789 2786 995 2864 Pythodoride
1020 2797 1072 2846 aut
1097 2795 1214 2846 mortua
1240 2796 1293 2845 aut
1314 2805 1332 2844 a
1352 2805 1444 2864 regno
1470 2795 1589 2844 remota
1608 2805 1660 2844 non

334 2886 437 2946 liberis
461 2887 526 2946 eius
548 2888 578 2945 id
601 2889 731 2961 tradidit,
754 2889 808 2947 aad
830 2889 885 2948 sibi
908 2889 1038 2949 retinuit.
1063 2890 1160 2950 Gaius
1183 2900 1281 2948 autem
1305 2909 1371 2947 cum
1394 2889 1546 2966 imperare
1562 2889 1659 2965 coepit,

334 2987 490 3048 deficiente
518 2989 657 3048 videlicet
685 2991 779 3066 stirpe
807 2991 980 3050 Polemonis
1007 2993 1088 3052 virili
1119 2991 1287 3068 cognomini
1314 2992 1415 3066 nepoti
1446 2991 1515 3052 eius
1542 3011 1580 3050 ex
1605 2991 1659 3048 tilia

333 3092 514 3150 consobrina
559 3093 621 3168 regi
660 3092 808 3152 Thraciae
848 3102 941 3170 nupta
980 3113 1105 3172 regnum
1144 3094 1318 3154 Polemonis
1358 3094 1497 3167 tradidit,
1545 3093 1576 3150 id
1621 3103 1660 3150 est

333 3193 463 3251 Pontum
489 3203 520 3252 et
545 3195 731 3271 Bosporum3
763 3215 890 3272 quorum
915 3197 1100 3274 Bosporum,
1134 3215 1201 3262 cum
1230 3194 1377 3256 Claudius
1408 3215 1538 3274 regnare
1571 3195 1659 3272 coepit

333 3315 364 3352 a.'
383 3313 413 3370 p.
430 3293 501 3354 chr.
518 3297 568 3369 41,
590 3296 715 3356 Polemo
738 3317 805 3357 cum
832 3297 956 3357 Ciliciae
977 3309 1062 3376 parte
1084 3307 1253 3376 permutare
1273 3306 1394 3358 coactus
1415 3298 1515 3375 est⁵),
1538 3299 1658 3357 Pontum

332 3397 456 3456 retinuit
481 3397 519 3456 ad
541 3418 568 3457 a.
590 3419 620 3476 p.
637 3387 708 3458 Chr.
724 3400 773 3474 63,
796 3419 856 3476 quo
878 3399 962 3460 Nero
984 3421 1052 3460 eum
1074 3401 1104 3459 in
1127 3399 1300 3480 provinciae
1320 3401 1447 3459 formam
1468 3399 1631 3478 redegitt).

416 3631 475 3700 ll.
517 3625 633 3728 Cotys
661 3648 767 3726 Cotyis
794 3659 823 3709 et
850 3653 1001 3710 Antoniae
1027 3651 1226 3728 Tryphaenae
1255 3651 1337 3710 filins
1370 3652 1476 3710 tertius
1508 3670 1569 3729 qno
1595 3660 1658 3708 ten·

332 3770 404 3826 pore
437 3752 545 3810 iratres
569 3753 714 3812 maiorum
746 3771 838 3830 regna
866 3753 965 3832 adepti
992 3761 1077 3826 sunt,
1115 3763 1144 3810 et
1170 3753 1236 3831 ipse
1261 3766 1337 3813 teste
1364 3754 1485 3813 decreto
1517 3751 1656 3831 Cyzicena

331 3871 456 3930 regnum
478 3855 616 3928 obtinuit,
638 3857 718 3931 quod
734 3858 787 3915 sub
804 3856 966 3915 maioribus
989 3857 1051 3915 suis
1074 3855 1146 3914 olim
1169 3856 1276 3914 luisset
1297 3854 1338 3931 (p.
1353 3853 1413 3915 tta
1434 3856 1504 3916 adn.
1522 3855 1566 3931 4).
1602 3854 1655 3912 Ad·

332 4093 536 4105 *-

409 4304 432 4370 ¹)
457 4306 636 4371 Wadding'ton
656 4307 673 4356 l.
688 4324 709 4357 c.
729 4323 754 4372 p.
770 4310 831 4358 117.

407 4422 432 4487 ²)
455 4425 565 4489 Ephem.
584 4425 601 4474 l.
617 4442 637 4474 c.
659 4441 685 4489 p.
700 4427 762 4476 271.
801 4425 841 4477 Cf.
856 4427 1035 4492 Waddington
1054 4427 1071 4476 l.
1086 4443 1108 4476 c.
1129 4443 1154 4492 p.
1171 4429 1232 4479 120.

408 4541 433 4605 ⁸)
460 4541 562 4608 ioseph.
578 4543 622 4605 20,
638 4544 662 4605 8,
678 4544 702 4594 3.

410 4659 434 4724 ⁴)
461 4661 564 4712 Curtius
583 4664 611 4713 in
630 4663 694 4714 actis
712 4663 849 4712 menstruis
869 4663 951 4713 citatis
971 4679 996 4728 p.
1011 4665 1045 4714 20
1064 4671 1134 4714 recte
1153 4663 1218 4713 vidit
1232 4663 1415 4728 Tryphaenam
1425 4650 1460 4714 'in
1481 4664 1592 4714 nummis
1609 4661 1653 4711 Po·

330 4755 439 4804 temonis
459 4762 626 4806 memoratam
647 4757 756 4806 eandam
775 4771 830 4805 esse
850 4763 925 4820 atque
944 4771 1009 4821 quae
1028 4757 1175 4806 nominatur
1195 4757 1222 4805 in
1240 4757 1314 4805 titulo
1328 4755 1470 4820 Cyzicen0;
1491 4756 1576 4806 minus
1593 4765 1654 4804 recta

329 4847 499 4897 Polemonem
516 4847 615 4897 iudicat
630 4849 714 4898 sorori
733 4849 800 4898 hunc
818 4849 942 4898 honorem
961 4849 1090 4898 habuisse.
1126 4849 1196 4900 Nam
1214 4855 1242 4897 ut
1255 4849 1355 4898 mittam
1375 4847 1438 4898 talia
1460 4849 1538 4897 uxori
1556 4846 1652 4896 marrire

330 4939 414 5004 magis
428 4941 565 4990 convenire
585 4955 660 5006 quam
675 4941 766 5002 sorori,
787 4941 886 4990 accedit
905 4941 974 5006 quod
987 4939 1094 4990 Polemo
1113 4941 1136 4989 is
1156 4941 1227 4990 euius
1246 4947 1336 4990 extant
1353 4941 1451 4990 nummi
1469 4946 1576 5004 propter
1592 4945 1652 4986 acta·

330 5038 380 5080 tem
394 5047 447 5083 uon
460 5039 544 5097 potest
556 5033 635 5084 fuisse
648 5033 715 5083 filius
729 5033 878 5084 Polemonis
891 5033 1078 5098 Pythodoridis
1097 5033 1191 5084 mariti.
1210 5033 1324 5083 Proinde
1340 5032 1497 5098 Tryphaena
1515 5047 1567 5082 non
1585 5043 1651 5082 soror

330 5124 386 5175 eius
404 5125 461 5186 luit,
482 5127 528 5176 sed
547 5133 591 5175 ant
610 5127 689 5176 amita
707 5133 752 5176 aut
772 5132 859 5175 mater.

407 5242 431 5304 ⁵)
456 5244 509 5294 Dio
530 5245 572 5308 00,
595 5248 619 5295 8.
657 5244 760 5309 Ioseph.
782 5246 825 5305 20,
848 5246 872 5306 8,
895 5245 919 5293 3.

406 5359 431 5424 ⁶)
455 5363 666 5416 SuetNer.18.
703 5363 856 5428 Marquardt
875 5359 1121 5428 Staatsuerwaltunp
1142 5364 1167 5424 1,
1189 5363 1250 5412 202.
