3548 6012
309 659 314 672 ,
346 600 392 669 92
706 609 856 670 nunnus
875 619 1033 680 Qvnnsr.
1054 619 1270 670 onoucron.
1291 621 1316 670 1.

957 722 1048 728 —-...-
1056 722 1646 731 -—-—-—-—-——.——..———-
1655 725 1663 730 -

343 794 489 872 praebent
515 792 654 851 lucernae
675 792 860 852 Puteolanas
888 799 995 850 extant
1019 811 1078 850 non
1101 793 1304 868 infrequentes
1326 794 1495 853 Romaneais
1517 794 1671 870 inscriptae

344 897 383 974 (I.
400 895 439 956 N.
457 895 548 967 6308,
564 894 619 971 aa);
644 897 696 954 sed
719 911 795 971 nego
817 914 883 954 eam
906 894 1045 953 adiectiri
1065 895 1194 954 sormam
1216 913 1346 970 unquam
1369 915 1425 972 pro
1447 898 1566 956 nomine
1586 899 1672 974 genti-

343 1001 413 1059 licio
441 999 535 1058 fuisse
563 1005 722 1073 receptam.
766 997 913 1056 Videatur
940 999 1029 1056 etiam
1056 1015 1134 1074 qnae
1156 997 1193 1055 de
1216 999 1423 1074 rogatensibus
1444 998 1606 1060 Henzenus
1626 1001 1672 1058 ad-

250 1093 255 1102 ’
345 1102 461 1162 notavit
482 1102 513 1160 in
535 1101 651 1178 ephem.
674 1120 700 1158 a.
716 1098 795 1160 1872
818 1119 845 1176 p.
864 1098 933 1157 217.
968 1099 1129 1175 Perperam
1153 1099 1271 1171 deinde,
1295 1102 1324 1158 ni
1347 1101 1445 1171 fallor,
1468 1101 1498 1158 in
1520 1103 1576 1160 bac
1591 1121 1673 1178 quae-

344 1207 441 1264 stione
465 1204 503 1261 ad
525 1203 605 1262 servi
627 1202 691 1260 eius
714 1201 834 1260 nomina
855 1211 1000 1278 provocat
1014 1201 1178 1276 Beckcrus,
1201 1203 1252 1278 qui
1275 1220 1354 1260 anno
1369 1203 1453 1262 urbis
1469 1203 1529 1262 350
1546 1207 1673 1263 Artenae

343 1301 523 1366 Volscorum
546 1305 649 1381 oppidi
671 1323 769 1363 arcem
785 1303 930 1362 Romanis
954 1304 1115 1363 tradidisse
1130 1304 1224 1362 fertur
1239 1305 1319 1382 apud
1335 1303 1453 1362 Livium
1468 1306 1498 1376 4,
1515 1307 1565 1365 61.
1599 1306 1673 1365 Nam

343 1410 384 1480 is,
407 1409 434 1468 si
456 1427 587 1484 unquam
609 1407 681 1478 fuit,
703 1426 757 1484 per
778 1406 881 1465 ludum
904 1405 999 1466 dictus
1022 1415 1067 1465 est
1093 1405 1211 1465 Servius
1233 1408 1394 1478 Romanus,
1422 1407 1502 1482 quod
1524 1407 1674 1468 Romanos

343 1511 522 1581 servaverim
543 1510 679 1591 pariliter
695 1516 733 1586 pt
749 1511 850 1568 Fertor
864 1509 968 1568 Rosius
986 1508 1036 1567 ille
1051 1528 1101 1568 rea
1115 1507 1288 1586 Aequiculus
1304 1519 1333 1568 et
1348 1510 1466 1568 similia
1504 1511 1545 1570 Et
1560 1513 1677 1587 scripsit

343 1615 473 1674 fortasse
495 1614 530 1684 is,
553 1612 604 1688 qui
625 1611 764 1669 fabellam
786 1611 862 1670 hanc
884 1611 1025 1683 narrarit,
1047 1611 1164 1670 Servius
1179 1612 1354 1684 Bononiam
1376 1631 1445 1671 nam
1462 1612 1580 1672 Servius
1596 1634 1674 1692 prae·

301 1721 306 1734 ⁸
343 1736 450 1776 nomen
473 1723 526 1774 est.
560 1714 652 1773 Recte
675 1715 817 1773 statuisse
832 1713 998 1772 Varronem
1022 1713 1161 1790 exempla
1177 1713 1285 1772 docent
1300 1713 1515 1774 Romaniorum
1530 1717 1675 1776 satislrc·
1700 1695 1706 1706 '

342 1821 476 1896 quentia,
498 1837 575 1894 quae
597 1835 689 1894 supra
704 1817 859 1893 composui
874 1816 905 1874 in
920 1815 1018 1874 indice
1034 1816 1130 1886 tertio,
1153 1815 1307 1874 hominum
1322 1817 1506 1876 condicionis
1522 1819 1676 1898 libertinae

343 1922 476 1980 omnium
491 1929 522 1979 et
535 1929 623 1978 extra
638 1919 742 1977 urbem
757 1929 875 1994 reperta
890 1918 1042 1994 pleraque.
1076 1917 1217 1976 Romami
1233 1917 1323 1994 igitur
1337 1919 1383 1977 illi
1398 1927 1450 1976 aut
1463 1919 1677 1980 descenderunt

342 2027 380 2084 ab
398 2023 569 2082 hominibus
585 2021 747 2080 secundum
763 2028 912 2079 vetustam
927 2019 1174 2080 consuetudinem
1196 2020 1367 2079 nominatos
1390 2030 1442 2080 aut
1462 2022 1522 2099 ipsi
1545 2023 1590 2082 ita
1611 2023 1677 2082 dicti
1752 1999 1753 2014 l

343 2136 414 2186 sunt
426 2135 531 2184 contra
546 2143 632 2183 usum
647 2123 844 2183 recentiorem
859 2131 982 2200 propter
996 2123 1127 2182 rationes
1143 2123 1231 2181 nobis
1246 2123 1374 2200 ignotas.
1397 2126 1438 2182 At
1449 2142 1527 2200 quae
1538 2126 1572 2183 in
1584 2125 1677 2184 indice

343 2229 474 2288 secundo
496 2227 584 2306 posui
607 2227 793 2302 cognominis
808 2225 938 2285 Romani
961 2225 1101 2302 exempla
1121 2225 1192 2312 item
1214 2224 1392 2300 frequentia,
1414 2245 1451 2284 ea
1466 2235 1495 2286 et
1509 2227 1580 2304 ipsa
1594 2228 1677 2287 liber·

342 2333 423 2392 tinae
444 2330 563 2407 quidem
586 2329 768 2388 condicionis
788 2328 941 2386 hominnm
958 2328 1153 2399 omnia‘snnt,
1177 2336 1210 2386 ut
1223 2327 1341 2405 reliqua
1356 2327 1418 2388 eius
1433 2331 1563 2406 generis,
1585 2350 1677 2408 neque
1753 2328 1754 2404 f

342 2454 413 2492 vero
436 2434 472 2492 de
495 2433 610 2510 origine
633 2433 783 2490 bominum
806 2431 925 2489 illorum
949 2431 1022 2489 certi
1044 2431 1208 2508 quidquam
1230 2431 1368 2506 probant.
1411 2432 1516 2508 Itaque
1533 2433 1676 2492 Varronis

343 2537 544 2596 testimoninm
572 2535 675 2612 aliqua
699 2535 815 2592 ratione
842 2533 960 2592 videtur
986 2533 1119 2592 indicere
1141 2531 1342 2592 Venafranios
1369 2534 1473 2611 oppidi
1494 2535 1621 2595 libertos
1643 2537 1676 2593 ab

342 2641 394 2711 iis,
417 2639 468 2716 qui
486 2637 726 2696 Venafranorum
748 2635 891 2712 gerebant
913 2655 1036 2707 nomen,
1059 2635 1210 2694 diversam
1232 2637 1379 2713 originem
1400 2636 1554 2695 habuisse.
1599 2637 1678 2696 Inter
1754 2669 1755 2678 κ

342 2743 465 2802 nomina
491 2740 582 2820 igitur
608 2739 640 2798 in
662 2742 746 2796 unius
768 2737 875 2796 indicis
898 2737 1023 2820 alterius
1045 2738 1272 2816 municipiorum
1294 2739 1393 2798 liberti
1415 2739 1580 2815 quaerendi
1603 2749 1677 2814 sunt,

342 2865 401 2904 non
423 2845 501 2902 inter
523 2863 568 2914 ca,
590 2861 666 2918 quae
689 2841 719 2898 in
742 2859 814 2899 anua
837 2840 1044 2899 terminantur.
1330 2835 1334 2844 “

428 2943 488 3006 Sed
515 2945 587 3021 qnid
615 2945 651 3004 de
678 2944 726 3002 his
753 2942 965 3002 statuendum?
1009 2943 1089 3001 Puto
1111 2961 1147 3000 ca
1169 2944 1293 3002 eandem
1316 2943 1436 3002 omnino
1458 2943 1608 3022 originem
1629 2947 1677 3004 ba·

342 3049 446 3110 buisse
475 3057 565 3124 atquc
591 3046 742 3124 gentilicia
763 3043 893 3104 Etrusca
914 3046 944 3104 in
967 3065 1037 3104 erno
1059 3064 1133 3104 enno
1154 3055 1183 3104 ct
1203 3045 1234 3102 in
1256 3050 1306 3104 inc
1327 3049 1411 3118 inne,
1434 3046 1552 3106 Umbra
1574 3057 1606 3106 et
1627 3045 1678 3107 Sa·

343 3152 415 3210 bina
435 3152 466 3209 in
489 3169 562 3208 anas
584 3167 656 3208 enar
673 3153 748 3220 inae,
771 3148 925 3226 gentilicia
946 3149 977 3206 in
999 3151 1063 3206 inus
1085 3159 1115 3206 et
1137 3165 1213 3219 enea,
1236 3147 1354 3224 reliqua
1375 3167 1435 3207 non
1457 3149 1488 3206 in
1509 3153 1557 3206 ius
1581 3150 1678 3210 termi-

343 3264 423 3314 nata.
462 3251 582 3312 Scilicet
603 3259 635 3309 ut
657 3269 696 3308 ex
718 3250 833 3309 Tuscia
853 3259 882 3310 et
903 3249 1030 3309 Umbria
1051 3258 1081 3308 et
1101 3258 1208 3330 postea
1230 3269 1268 3309 ex
1291 3268 1350 3308 una
1372 3267 1492 3326 quaque
1514 3253 1678 3328 provincia,

341 3359 385 3416 ita
411 3375 450 3416 ex
473 3354 561 3414 Latio
587 3341 822 3429 regionibusque
844 3353 968 3425 vicinis,
995 3361 1084 3428 atque
1111 3371 1149 3411 ex
1174 3353 1235 3411 illis
1263 3353 1357 3410 multo
1380 3353 1469 3412 etiam
1492 3353 1678 3431 frequentius

342 3468 373 3518 et
392 3458 462 3516 inde
484 3457 522 3515 ab
543 3455 753 3532 antiquissimo
775 3465 919 3531 tempore,
941 3455 1080 3514 homines
1101 3455 1261 3533 peregrini,
1284 3456 1486 3534 negotiatores
1508 3466 1539 3516 et
1555 3459 1678 3536 opifices

342 3560 546 3638 potissimum,
573 3559 700 3618 Romam
723 3558 924 3634 migraverunt
946 3577 984 3616 ex
1007 3556 1134 3634 singulis
1157 3558 1276 3635 oppidis
1298 3567 1349 3616 aut
1371 3559 1484 3636 singuli
1507 3569 1560 3618 aut
1581 3561 1676 3639 pauci,

341 3665 422 3741 iique
449 3681 510 3720 non
535 3661 728 3737 patriciorum
750 3661 890 3732 clientes,
916 3659 1018 3737 ibique
1041 3660 1141 3718 sedem
1163 3659 1302 3719 fixerunt
1347 3659 1389 3718 Hi
1411 3681 1430 3719 a
1450 3660 1599 3723 Romanis
1621 3665 1679 3742 pri-

342 3786 423 3825 mum
449 3765 578 3823 breviter
605 3764 677 3822 dicti
704 3772 774 3822 sunt
800 3771 853 3820 ant
878 3779 910 3820 se
935 3763 1019 3839 ipsos
1041 3761 1182 3820 dixerunt
1204 3783 1222 3820 a
1243 3763 1341 3841 patria
1362 3763 1522 3838 Aesotanus
1546 3767 1678 3842 Afilenas

343 3879 373 3926 et
394 3869 438 3927 sic
461 3867 616 3944 deinceps3
638 3865 669 3924 id
690 3865 772 3942 quod
793 3885 826 3924 re
847 3883 920 3922 vera
941 3864 1094 3923 indicabat
1115 3883 1182 3922 eum
1201 3866 1305 3942 quiex
1320 3865 1431 3924 Aetola
1444 3866 1565 3925 Afilare
1580 3869 1678 3927 oriun-

343 3971 399 4030 dus
422 3979 495 4029 erat.
530 3959 577 4027 lta
597 3968 659 4028 fere
681 3967 760 4026 inter
781 3974 930 4026 nostrates
954 3965 998 4042 (et
1019 3967 1128 4045 ubique
1144 3968 1275 4044 gentium
1297 3967 1385 4043 puto)
1407 3967 1530 4044 opifices
1545 3969 1678 4030 iuniores

343 4093 362 4131 a
376 4074 474 4149 patria
487 4072 612 4130 invicem
629 4089 695 4129 sese
710 4070 865 4148 appellare
880 4069 1017 4128 audimus
1038 4070 1103 4146 (der
1118 4069 1316 4146 Straubinpcr,
1331 4073 1382 4129 der
1400 4071 1678 4149 steenstraten

342 4185 431 4252 atque
458 4173 595 4233 similiter
617 4172 746 4232 Iudaeos
768 4171 957 4250 potissimum
981 4173 1131 4245 homines,
1160 4183 1193 4231 ut
1213 4171 1393 4232 Christianis
1415 4191 1482 4232 sese
1504 4176 1678 4252 aequipera-

343 4287 418 4349 rent,
440 4283 493 4334 aut
513 4275 578 4353 lege
601 4284 720 4334 coactos
743 4283 795 4332 aut
813 4283 920 4350 sponte
936 4275 973 4333 ab
989 4275 1118 4352 oppidis,
1140 4294 1179 4333 ex
1195 4277 1303 4352 quibus
1319 4275 1437 4335 oriundi
1453 4283 1534 4348 sunt,
1556 4279 1679 4336 nomina

343 4381 478 4439 videmus
494 4379 552 4436 sibi
567 4397 683 4436 sumere
706 4376 753 4452 (ut
768 4377 955 4452 Bumberper,
976 4377 1181 4449 Wurscbauer,
1201 4377 1312 4452 similia
1326 4379 1507 4456 innumera).
1544 4379 1678 4438 Nomen-

342 4483 459 4541 clatura
485 4481 560 4539 baec
580 4481 666 4556 quasi
694 4487 763 4540 ante
790 4479 895 4540 oculos
917 4479 1004 4538 nobis
1027 4479 1120 4558 ponit,
1142 4499 1229 4557 quern
1253 4480 1435 4540 admodum
1457 4481 1543 4558 plebs
1565 4483 1680 4542 urbana

343 4603 452 4663 magna
477 4603 516 4644 ex
542 4593 627 4662 parte
655 4583 783 4641 conflata
809 4601 848 4641 ex
874 4582 939 4642 eius
965 4582 1084 4662 generis
1106 4583 1276 4640 bominibus
1298 4592 1388 4659 atque
1410 4583 1500 4642 etiam
1528 4603 1568 4642 ex
1594 4585 1679 4662 oppi-

343 4687 448 4746 dorum
471 4687 637 4745 dirutorum
658 4685 808 4763 quondam
832 4685 937 4744 incolis
960 4685 1073 4744 sensim
1095 4695 1257 4744 consecuta
1274 4693 1321 4744 eat
1336 4685 1401 4744 iura
1415 4685 1554 4744 civitatis.
1593 4685 1678 4760 Quae

343 4790 421 4849 enim
442 4790 558 4867 patriae
580 4797 695 4847 tantum
717 4787 914 4846 indicationes
937 4795 1022 4846 erant
1039 4786 1226 4863 singulorum
1242 4788 1396 4868 hominnm
1411 4788 1441 4845 in
1456 4799 1595 4866 posteros
1612 4809 1678 4866 pro-

301 4969 310 4980 .
342 4899 469 4971 pagatac
491 4891 622 4968 speciem
644 4889 797 4949 nominum
819 4890 1039 4966 gentilitiorum
1062 4889 1307 4965 adsumpserunt3
1331 4891 1385 4950 scd
1407 4892 1536 4967 speciem
1550 4899 1677 4961 tantum,

343 5015 402 5054 non
425 4995 535 5053 iustam
557 4993 682 5052 formam
705 4993 737 5052 in
757 4993 1013 5062 indesinentem,
1035 4991 1116 5068 quali
1136 4993 1306 5070 gaudebunt
1322 4993 1375 5070 qui
1390 4994 1456 5052 iure
1470 4993 1677 5052 manumissio·

343 5098 391 5157 nis
413 5097 582 5156 libertatem
604 5103 633 5155 ct
654 5095 806 5155 civitatem
828 5095 927 5171 adepti
948 5103 1042 5153 erant.

1339 5199 1422 5258 Anu.
1445 5197 1593 5260 Hdnusn.

805 5365 1213 5378 -t--u-—u———u—
