3548 6012
338 603 384 672 14
926 623 1067 674 amasa
1164 595 1167 602 ⁴

333 795 392 873 piei
425 795 610 854 dedicatione
638 795 812 872 Olympium
845 815 952 854 nemen
982 796 1106 854 duxisse
1135 796 1361 873 imperatorem,
1394 796 1522 872 indeque
1553 797 1663 872 insigni

333 898 514 957 adulationis
539 916 646 975 genere
668 898 870 957 Athenienses
890 916 998 956 novam
1021 897 1235 974 Olympiadem
1258 899 1365 956 seriem
1386 899 1544 974 repetiisse
1566 898 1665 956 sciunt

333 1019 447 1060 omncs.
486 999 663 1060 Dedicatum
686 1007 786 1058 autem
807 1009 854 1057 est
875 998 1069 1076 Olympicum
1092 1020 1118 1058 a.
1138 999 1206 1058 132.
1244 999 1290 1060 cf.
1314 998 1436 1059 Corsini
1458 1001 1527 1058 lasti
1550 1001 1663 1058 Attll

334 1125 362 1181 p.
381 1103 439 1162 105
450 1121 515 1181 sqq.
561 1101 703 1179 Sequitur
725 1101 842 1160 titulum
864 1103 941 1160 inter
963 1121 989 1159 a.
1010 1100 1067 1160 132
1083 1112 1113 1160 ct
1132 1102 1187 1160 137
1211 1103 1341 1178 positum
1363 1120 1439 1161 csse.

219 1409 222 1418 ,
333 1345 423 1403 XIII.
466 1343 502 1401 In
524 1343 584 1402 alia
605 1341 677 1402 Pae.
720 1342 768 1400 Ad
790 1361 988 1402 marmoream
1010 1342 1096 1400 basin
1118 1342 1148 1400 in
1171 1341 1332 1401 Traianum
1355 1341 1516 1402 Caesarem
1538 1343 1616 1402 Van.

414 1507 603 1602 Αὖτοκρᾶτορι
631 1517 636 1596 1
665 1506 774 1600 Nc'pevo
799 1517 932 1600 Tpomnoi
958 1517 963 1594 1
993 1507 1120 1598 Koiocpr·
1139 1505 1241 1599 cipiet-w
1271 1517 1276 1594 Ι
1304 1508 1453 1581 Sedasa-ei
1472 1517 1636 1600 Γερμανικῶ
1658 1519 1662 1594 l

416 1621 533 1678 Δακικῶ
552 1613 695 1703 Παρθικῶ
716 1608 911 1703 χαριστήριον.

332 1795 516 1857 (117178.
560 1793 662 1854 Conze
682 1792 800 1852 Lesbos
825 1811 854 1869 p.
873 1792 909 1851 13
927 1791 992 1864 fin,
1020 1793 1071 1870 qni
1097 1793 1227 1870 lapidem
1253 1813 1338 1854 muro
1364 1793 1491 1854 infixum
1517 1795 1664 1872 Mytilene

331 1899 448 1959 videtur
463 1898 584 1956 vidisse.
617 1895 754 1967 Videtur,
775 1895 907 1972 inquam.
940 1893 1021 1954 Nam
1037 1895 1137 1954 minus
1152 1897 1377 1974 perspicueait‚
1398 1899 1663 1974 hancquamipse

332 2003 457 2062 vidisset
478 2001 565 2060 basin
586 2007 795 2078 praeterquam
816 1998 897 2074 quod
919 2015 1024 2056 versus
1045 1997 1147 2074 paullo
1169 1999 1256 2058 aliter
1278 1999 1366 2058 divisi
1387 2011 1417 2059 et
1436 1999 1575 2058 NERBA
1591 2000 1663 2076 (sic)

331 2125 387 2183 pro
410 2105 561 2161 ΝΕΡΟΥΑ
585 2101 726 2178 scriptum
748 2109 838 2172 esset,
861 2109 1000 2159 accurate
1021 2100 1178 2160 concinere
1198 2119 1263 2160 cum
1286 2101 1374 2160 titulo
1397 2099 1431 2161 Ο.
1447 2101 1471 2160 Ι.
1489 2101 1580 2161 2178.
1621 2105 1664 2160 At

331 2208 410 2266 enim
431 2206 540 2266 mirum
562 2205 592 2262 ni
614 2201 759 2281 Cyriacus
782 2202 809 2260 R
831 2202 957 2260 sormam
980 2209 1009 2260 et
1031 2191 1128 2282 Nipsso
1150 2203 1327 2279 scripturam
1350 2203 1619 2264 animadvertisset.

414 2307 487 2366 tta
512 2311 629 2364 ΚΑΙΣΑ.
652 2325 680 2364 v.
703 2304 828 2382 praefat.
846 2337 884 2348 -
907 2303 1031 2363 l'ositus
1054 2305 1159 2363 titulus
1181 2306 1259 2364 inter
1280 2307 1427 2364 auui115
1449 2315 1564 2384 partem
1587 2307 1663 2365 alte-

330 2432 404 2484 ram,
426 2429 504 2487 quae
519 2409 653 2468 Traiano
674 2407 809 2466 Parthici
831 2425 996 2483 cognomen
1018 2407 1087 2466 tulit
1106 2414 1137 2465 et
1157 2407 1227 2466 anni
1245 2409 1302 2466 117
1325 2426 1458 2466 mensem
1480 2410 1662 2485 Augustum,

330 2533 390 2590 quo
419 2523 555 2572 mortuus
581 2521 636 2569 est.
685 2507 732 2568 Ol.
758 2507 907 2568 Dierauer
934 2509 1004 2566 hist.
1032 2508 1156 2567 Traiani
1183 2509 1213 2566 in
1241 2508 1412 2587 Bucdinger
1437 2509 1617 2569 Untersuch.
1647 2511 1663 2568 I

333 2617 391 2674 166
404 2635 448 2692 sq.
471 2615 539 2674 adu.
556 2613 586 2672 6.

329 2856 415 2916 XIV.
459 2855 495 2913 In
516 2853 625 2930 templo
646 2853 725 2912 beati
747 2851 881 2911 Antonii.

902 3011 937 3069 ‘0
959 3009 1079 3090 d[d]uos

408 3109 602 3202 αὐτοκράτορα
624 3109 753 3202 Τιβέριον
780 3113 913 3200 Καίσαρα
940 3107 1108 3182 Emeum,
1135 3111 1226 3174 παῖδα
1253 3109 1317 3178 Διός
1347 3109 1491 3202 Καῖταρος
1510 3111 1659 3184 Ὀλυμπῖω

408 3211 595 3298 Σιβάστ[ω],
616 3223 705 3278 auium
727 3208 775 3288 μὲν
796 3221 849 3280 τᾶς
871 3213 1060 3294 οἷκ[ου]με’νας
1080 3210 1292 3302 c[d]cp·ys'[ron]‚
1315 3221 1368 3280 τᾶς
1390 3210 1420 3276 δὲ
1442 3209 1540 3288 dunos
1561 3211 1662 3281 udam
1766 3209 1767 3258 l

408 3315 633 3400 ἐπιφανέστατον
653 3311 702 3380 nal
723 3314 849 3380 κτῖπαν.

324 3501 524 3558 testatore
552 3497 755 3556 accusativum
782 3495 813 3552 in
840 3495 1010 3573 genetivum
1039 3493 1170 3568 correxi3
1196 3513 1280 3553 error
1306 3505 1429 3572 propter
1455 3497 1660 3556 accusativum

324 3601 461 3679 proxime
490 3607 663 3676 sequentem
685 3597 784 3656 facilis
807 3605 880 3655 erat.
926 3599 1144 3653 saepserat
1166 3597 1287 3672 scripsit
1307 3597 1448 3656 librarius
1472 3599 1658 3675 syllabarum
1765 3585 1766 3618 r

324 3702 518 3770 similitudine
540 3702 691 3778 deceptus.
725 3697 836 3758 Nescio
859 3717 919 3775 qua
940 3697 1132 3776 potissimum
1150 3718 1183 3757 re
1198 3698 1338 3758 Tiberius
1356 3700 1392 3758 de
1407 3700 1659 3776 Mytilenaeorum
1765 3669 1766 3703 V

324 3805 445 3864 civitate
467 3804 590 3864 meritus
610 3803 715 3873 fuerit3
738 3802 792 3860 aed
815 3819 874 3859 non
896 3801 927 3860 in
949 3800 1122 3858 universum
1143 3820 1210 3860 enm
1232 3801 1351 3860 laudari
1373 3812 1506 3879 apparet.

323 4043 393 4104 XV.
435 4040 560 4102 ‘Atticae
581 4043 806 4120 antiquissimae
828 4034 968 4102 litterae’.
1004 4037 1104 4099 Locus
1127 4041 1176 4101 ubi
1198 4051 1333 4119 repertus
1356 4043 1475 4101 sitnon
1498 4043 1657 4116 indicat-ur,

366 4147 420 4206 sed
434 4145 616 4225 praecedunt
637 4145 717 4204 tituli
738 4145 921 4222 Mytilenaei.

721 4309 862 4379 'Ausinius
882 4307 1079 4400 Λυσικράτους
1098 4311 1255 4387 Ἀθηναῖος

324 4491 417 4554 Cuius
441 4494 548 4552 aetatis
570 4494 686 4552 litteras
708 4493 855 4570 significet
877 4489 1026 4570 Cyriacus
1048 4493 1164 4568 ignoro.

322 4733 408 4794 XVI.
451 4733 488 4792 In
511 4734 614 4792 tabula
635 4752 811 4792 marmorea.

322 4907 357 4966 In
384 4907 442 4965 hoc
467 4907 555 4966 titulo
582 4915 633 4967 aut
659 4907 839 4984 explicando
866 4915 918 4964 aut
942 4875 1127 4966 emendando
1150 4909 1193 4966 ita
1214 4909 1313 4967 oleum
1335 4915 1365 4966 et
1385 4925 1507 4984 operam
1529 4909 1656 4985 perdidi,

324 5018 355 5068 ut
377 5029 413 5066 ne
436 5009 492 5067 hoc
514 5009 632 5087 quidem
656 4989 839 5087 compertum
862 5009 999 5080 habeam,
1022 5029 1099 5086 quae
1117 5029 1165 5070 res
1181 5019 1296 5089 agatur.
1328 5009 1478 5068 Videntur
1492 5012 1655 5069 architecte
1761 4999 1762 5058 l

321 5112 438 5170 cuidam
465 5131 504 5171 ex
530 5121 652 5170 senatus
679 5112 841 5188 populique
863 5112 1041 5171 auctoritate
1064 5145 1102 5155 -
1126 5113 1156 5170 id
1178 5113 1261 5189 quod
1286 5113 1448 5171 ostendunt
1469 5113 1656 5190 praescripta

321 5213 414 5271 verba
440 5207 550 5291 ἀγαθῇ
570 5203 652 5291 τύχῃ
681 5245 719 5258 -
741 5225 903 5291 praecepta
928 5213 1009 5285 dari,
1038 5221 1071 5272 ut
1096 5215 1198 5274 neseio
1224 5215 1339 5273 lessam
1366 5234 1404 5272 an
1426 5215 1504 5274 viam
1530 5233 1569 5273 an
1591 5233 1655 5273 mu·
1760 5267 1761 5296 p

319 5334 386 5374 rum
408 5324 557 5374 vetustate
578 5315 697 5392 lapsum
720 5315 887 5375 dirutumve
909 5317 1052 5376 reliceret.
1087 5315 1215 5374 Frustra
1235 5335 1273 5374 ex
1288 5317 1384 5374 titulis
1400 5315 1655 5394 scriptoribusque
