3504 6004
793 1974 1251 2088 ADDITAMENTA

671 2251 747 2332 AD
775 2251 985 2334 INDICES
1014 2250 1301 2335 VOLVMINIS
1331 2251 1360 2332 Ι.

941 2538 1093 2546 -.--

354 2891 448 2995 Cum
470 2943 539 2994 ante
554 2937 609 2995 hos
632 2935 734 2994 decem
758 2953 852 2994 annos
868 2935 982 2994 indices
995 2935 1156 2994 voluminis
1179 2934 1268 3012 primi
1283 2933 1486 3006 conficiebam,
1508 2951 1586 3012 opus
1607 2951 1670 2992 sane

354 3039 450 3116 magis
472 3039 657 3098 laboriosum
685 3057 773 3116 quam
796 3039 913 3097 doctum
936 3039 1124 3116 primumque
1146 3037 1210 3096 eius
1230 3018 1416 3115 generia‘in
1445 3055 1505 3113 quo
1530 3036 1671 3106 versabar,

353 3143 454 3200 statim
476 3149 545 3219 post
565 3141 702 3218 plagulas
725 3142 889 3218 impressas
904 3141 1049 3218 quaedam
1070 3139 1189 3217 repperi
1203 3157 1280 3216 quae
1300 3139 1438 3198 adderem
1453 3141 1671 3218 corrigeremve3

353 3264 389 3303 ea
410 3244 565 3320 composui
592 3245 697 3304 ultima
722 3243 852 3303 indicum
879 3243 990 3320 pagina
1011 3242 1111 3320 (646).
1154 3242 1225 3301 Alia
1246 3242 1354 3301 menda
1380 3249 1488 3318 postea
1509 3239 1670 3310 observavi;

352 3346 490 3424 inprimis
519 3355 616 3406 autem
637 3347 729 3406 index
750 3347 962 3423 grammaticus
983 3347 1044 3403 iam
1064 3356 1128 3404 tum
1149 3365 1210 3404 nou
1231 3344 1377 3404 satisfecit
1398 3344 1582 3421 sensimque,
1610 3343 1672 3401 dun

352 3450 461 3508 iterum
483 3450 662 3525 tertiumque
695 3469 731 3508 eo
752 3449 943 3526 potissimum
979 3455 1047 3506 utor
1068 3449 1099 3506 in
1121 3447 1233 3508 scholis
1254 3447 1469 3526 grammaticis,
1506 3465 1568 3506 non
1588 3463 1672 3522 parra

352 3552 556 3611 addendorum
568 3551 778 3610 demendorum
789 3551 998 3609 mutandorum
1009 3549 1155 3609 succrevit
1166 3549 1284 3609 messis.
1308 3547 1431 3610 Scilicet
1445 3569 1512 3608 cum
1525 3569 1544 3608 e
1554 3550 1670 3609 colloca-

353 3655 444 3713 tionis
459 3655 534 3732 lege,
551 3673 639 3730 quam
655 3654 727 3712 mihi
746 3653 812 3724 feci,
827 3653 982 3731 complura
996 3653 1131 3729 pluribus
1147 3651 1286 3728 ponenda
1307 3661 1392 3710 erant
1413 3651 1497 3725 locis,
1519 3652 1626 3711 accidit
1644 3659 1672 3707 ut

353 3775 430 3834 quos
455 3757 487 3816 in
507 3756 607 3816 indice
627 3755 807 3834 perficiendo
830 3756 953 3813 adhibui
976 3774 1085 3833 operae
1107 3763 1158 3813 aut
1180 3755 1314 3814 delerent
1340 3755 1489 3814 interdum
1512 3753 1670 3824 schedulas,

353 3878 431 3936 quae
451 3860 559 3918 iterum
581 3867 667 3918 erant
693 3857 892 3931 adhibendae,
929 3865 981 3916 aut
1008 3857 1111 3934 pravis
1132 3857 1205 3916 locis
1233 3857 1428 3931 collocarent3
1461 3875 1596 3934 quaeque
1616 3855 1671 3912 eiua

353 3966 471 4039 generis
495 3971 565 4021 sunt
585 3961 660 4019 vitia
681 3961 801 4020 similia.
846 3960 913 4019 Hoc
935 3979 995 4019 non
1017 3961 1083 4018 dico
1106 3967 1139 4018 ut
1160 3979 1207 4018 me
1228 3977 1367 4018 excusem
1391 3959 1474 4036 (nam
1497 3979 1594 4019 meum
1615 3965 1671 4016 erat

354 4073 433 4123 certe
455 4083 559 4123 curare
585 4073 617 4122 ut
644 4063 717 4122 talia
739 4082 896 4139 operarum
925 4063 999 4121 vitia
1025 4061 1219 4138 vitarentur),
1248 4063 1302 4122 sed
1332 4073 1365 4120 ut
1386 4061 1483 4121 sciant
1508 4063 1560 4138 qui
1584 4060 1671 4119 indice

354 4175 475 4225 utuntur
502 4185 561 4225 non
597 4165 698 4225 omnia
728 4184 804 4242 quae
830 4174 880 4224 aut
905 4167 1019 4224 omissa
1047 4175 1116 4223 sunt
1147 4177 1198 4224 aut
1222 4165 1309 4224 aliter
1340 4171 1430 4240 atque
1457 4163 1670 4242 expectaverint

354 4269 500 4327 collocata
530 4261 667 4327 corisulto
694 4269 809 4327 omissa
842 4285 908 4327 esse
930 4268 1123 4340 collocatsve,
1151 4269 1204 4328 sed
1230 4267 1326 4326 errori
1348 4267 1494 4344 quaedam
1516 4264 1670 4325 tribuenda.

354 4371 480 4430 Accedit
500 4370 580 4448 quod
602 4371 691 4448 paulo
712 4381 783 4448 post
803 4389 880 4446 opus
903 4371 1013 4430 editum
1035 4371 1126 4429 homo
1148 4369 1259 4447 aliquis
1275 4369 1466 4428 doctissimus
1488 4379 1519 4428 et
1537 4384 1670 4445 perquam

354 4484 510 4532 accuratus
536 4481 637 4550 partes
663 4473 778 4550 aliquot
806 4473 914 4532 indicis
943 4473 1128 4551 grammatici
1155 4491 1271 4531 summa
1298 4489 1366 4531 cum
1392 4471 1547 4548 diligentia
1566 4465 1668 4528 exerm-

355 4577 438 4634 navit
458 4593 658 4652 numerosque
680 4592 799 4648 omnes,
826 4593 902 4650 quos
929 4577 994 4650 ipse
1024 4577 1082 4634 sibi
1103 4577 1181 4634 iuter
1210 4575 1366 4651 legendum
1389 4581 1571 4644 enotsverat,
1599 4587 1667 4627 com-

354 4679 480 4755 paravit.
524 4677 556 4736 Ie
572 4697 777 4755 quaecumque
793 4687 892 4736 errata
905 4678 1020 4736 invenit
1033 4689 1096 4736 tum
1109 4697 1222 4736 mecum
1238 4675 1469 4736 communicavit
1483 4673 1667 4735 intercedente

354 4781 451 4839 amico
477 4781 624 4857 quodam3
651 4799 759 4838 nomeu
786 4787 885 4839 autem
913 4796 1000 4837 suum
1027 4780 1058 4838 iu
1085 4779 1236 4857 publicum
1264 4779 1391 4856 proferri
1421 4777 1526 4837 noluit.
1570 4775 1667 4848 Itaque

355 4901 524 4959 quanquam
556 4883 587 4940 in
615 4883 784 4942 universum
816 4883 867 4959 qui
893 4883 924 4941 in
946 4893 1009 4940 arte
1030 4883 1225 4958 grammatica
1245 4886 1382 4957 occupati
1408 4897 1534 4957 corpore
1552 4874 1665 4948 inscrip-

354 4984 466 5042 tionum
491 4992 615 5044 utuntur
637 5003 690 5044 suo
712 4986 777 5044 iure
792 4984 895 5044 titulos
911 4986 994 5061 ipsos
1010 4985 1111 5060 potius
1134 5002 1223 5061 quam
1237 4983 1351 5043 indices
1366 4983 1557 5054 adhibebunt,
1577 4986 1666 5037 tamen

353 5087 509 5163 religionis
531 5088 605 5146 mihi
626 5088 723 5147 visum
745 5095 801 5160 est,
823 5095 856 5145 ut
877 5105 956 5163 quae
977 5087 1162 5164 peccaverim
1184 5085 1310 5145 candide
1332 5086 1476 5144 confitear
1497 5083 1666 5154 efficiamque

353 5208 391 5247 ne
412 5187 564 5248 latitarent
584 5190 704 5249 omnino
727 5209 804 5268 quae
830 5190 921 5248 etiam
942 5189 1026 5248 illam
1048 5188 1212 5249 voluminis
1239 5187 1329 5267 primi
1355 5195 1471 5265 partem
1492 5184 1586 5264 paullo
1606 5197 1665 5258 ptr·

352 5289 508 5352 fectiorem
529 5293 737 5370 utilioremque
758 5293 884 5353 reddere
904 5299 1038 5369 possent
