3548 6012
126 825 259 884 Meuanas

118 1235 281 1293 Mercurios

186 1337 205 1376 8.

117 1403 282 1462 stannum

532 651 687 712 ornus'r.
706 649 925 702 onounrou.
945 651 970 700 1.
1366 629 1413 700 41

331 824 473 884 Mariana
496 823 655 900 Calpurnia
678 827 800 884 Aesone
820 825 851 882 in
873 824 1022 900 Hispania
1044 823 1266 884 Tarraconensi
1289 820 1416 882 0.1.1..

412 927 551 986 114465.
939 917 942 922 ’

329 1029 377 1089 De
398 1030 535 1090 Mariano
561 1037 661 1090 monte
688 1030 877 1107 metallisque
899 1030 1046 1089 Marianis
1069 1029 1099 1087 in
1121 1027 1271 1106 Hispania
1293 1028 1356 1088 dixi
1379 1029 1417 1086 ad

331 1131 364 1193 G.
381 1133 407 1191 Ι.
422 1131 459 1192 L.
475 1133 506 1191 ῙΙ
522 1127 613 1191 2269.
657 1130 834 1210 Cognomen
856 1133 985 1192 Mariani
1007 1133 1147 1208 frequens
1169 1139 1224 1190 est.

333 1236 364 1296 C.
380 1232 570 1294 'Maeuianae
593 1235 730 1294 tribunus
752 1236 881 1295 militum
903 1236 1028 1294 Antonii
1050 1235 1080 1292 in
1104 1233 1258 1294 Ciceronis
1278 1231 1418 1294 Sestiana

414 1340 443 1410 4,
460 1339 488 1398 9.
521 1337 570 1396 Ita
591 1357 630 1396 ex
652 1338 738 1396 libris
755 1337 895 1398 Parisino
916 1347 946 1398 ot
961 1336 1171 1398 Gemblacensi
1193 1337 1325 1396 restituit
1340 1337 1416 1396 Hal-

413 1441 506 1511 mius3
529 1441 672 1499 edebatur
693 1447 782 1500 antea
803 1438 838 1500 Ο.
859 1441 1007 1499 Aulanus.
1044 1439 1135 1516 Quod
1156 1439 1186 1498 in
1203 1438 1418 1500 Gemblacensi

413 1543 451 1602 ab
474 1543 569 1602 altera
591 1561 680 1602 manu
703 1551 866 1608 correctum
890 1552 937 1602 est
954 1543 1123 1604 Meaolanue
1145 1541 1343 1619 antiquiorem
1367 1559 1418 1598 vo-

412 1645 509 1706 calam
530 1645 652 1716 indicat,
675 1645 758 1704 utin
780 1645 940 1720 desolantes
963 1645 1135 1721 desolantes.

330 1751 466 1809 Alterum
482 1749 612 1807 nominis
627 1747 797 1826 exemplum
814 1755 928 1806 certum
944 1767 1003 1807 non
1019 1749 1166 1826 suppetit3
1186 1767 1254 1807 nam
1271 1752 1308 1805 ll.
1325 1741 1418 1810 Timr

328 1843 517 1920 assedente
537 1845 660 1926 limina
681 1851 835 1910 Trallibus
858 1848 892 1911 C.
913 1850 938 1909 Ι.
960 1849 1013 1910 Gr.
1035 1849 1117 1910 2930
1143 1852 1175 1910 in
1197 1850 1282 1910 titulo
1305 1851 1417 1910 saeculi

328 1955 419 2031 primi
441 1953 614 2012 Maeuianae
636 1953 811 2032 cognomine
834 1955 929 2012 altero
951 1953 1068 2012 videtur
1090 1953 1188 2012 dictus
1208 1953 1311 2012 luisse.
1357 1952 1418 2014 Sed

328 2059 402 2118 latet
429 2056 485 2114 boc
512 2075 622 2114 nomen
649 2057 708 2115 nisi
735 2057 837 2115 omnia
863 2056 970 2116 fallunt
998 2057 1029 2115 in
1051 2055 1139 2114 titulo
1162 2055 1277 2114 urbano
1299 2063 1417 2114 vetusto

330 2158 364 2220 (l.
381 2160 406 2218 Ι.
423 2159 456 2217 L.
481 2157 572 2218 1638
595 2179 624 2216 v.
642 2157 675 2231 2,
702 2177 788 2236 quem
812 2159 948 2236 Ryclrius
971 2159 1057 2218 testis
1080 2158 1186 2217 uniens
1209 2157 1252 2218 ita
1272 2158 1345 2236 legit

329 2278 477 2321 ΜΕΝ.
492 2303 499 2320 .
514 2305 542 2320 ..
564 2278 639 2320 r·e.
684 2260 812 2320 Videtur
839 2270 939 2320 autem
965 2261 1050 2320 initio
1074 2261 1148 2320 nihil
1171 2259 1286 2320 deesse.
1330 2259 1417 2336 Quod

331 2366 534 2424 Mommsenus
559 2365 662 2442 posuit
686 2364 717 2422 T.
741 2363 845 2422 Aebuti
867 2364 911 2421 M.
927 2367 955 2441 s.
978 2383 997 2422 a
1017 2363 1128 2423 tradita
1149 2363 1277 2422 lectione
1298 2363 1417 2441 longius

331 2469 452 2527 recedit.
1277 2497 1296 2530 a

371 2571 510 2630 Mevania
523 2569 667 2630 Umbriae
689 2577 773 2642 nota3
797 2569 850 2628 sed
866 2567 1011 2628 Umbrum
1028 2568 1191 2628 secundum
1207 2568 1333 2626 sormam
1348 2588 1418 2648 gen·

330 2673 383 2732 tile
406 2673 552 2750 Mqsanaa
574 2674 659 2732 euius
683 2693 773 2732 unum
796 2673 864 2731 novi
887 2673 1055 2749 exemplum
1078 2690 1170 2750 supra
1190 2673 1251 2730 iam
1273 2691 1419 2730 memora·

330 2786 393 2835 tum
413 2777 444 2834 in
462 2777 550 2834 titulo
566 2773 762 2836 Cremonensi
785 2773 832 2850 (C.
848 2775 995 2850 Mesanati
1012 2775 1129 2835 Gracili
1149 2772 1183 2834 O.
1199 2775 1224 2833 Ι.
1239 2774 1275 2832 L.
1293 2773 1320 2830 V
1337 2773 1418 2834 4122

332 2877 604 2955 =0re11.4080).
644 2877 684 2936 Et
703 2877 816 2937 Meiula
839 2875 1029 2948 Sabinorum,
1051 2896 1128 2954 quae
1151 2885 1231 2936 certo
1253 2885 1340 2936 antea
1356 2877 1419 2934 Me·

329 2981 392 3040 sola
414 2990 490 3054 erat,
518 2981 641 3058 propius
664 2981 752 3040 etiarn
775 2979 905 3053 accedit,
928 2989 960 3038 ut
980 2979 1134 3038 adnotavit
1155 2979 1360 3040 Mommsenus
1382 2979 1419 3039 de

214 3083 216 3090 ’
330 3083 521 3144 diablutes.
544 3103 573 3161 p.
591 3083 660 3162 343.
698 3083 800 3162 Pagus
820 3083 967 3143 Meflanus
982 3082 1146 3143 Beneventi
1168 3083 1287 3161 saepius
1309 3100 1418 3142 memo·

330 3193 415 3246 ratur
436 3187 466 3244 in
488 3187 590 3246 tabula
611 3185 801 3245 alimentaria
822 3185 967 3264 Ligurum
990 3184 1222 3245 Baebianorum.

332 3289 369 3347 P.
390 3289 535 3348 Maronea
557 3287 595 3348 A.
619 3289 638 3347 l.
662 3289 831 3364 Pamphilus

329 3392 364 3452 P.
387 3392 532 3452 Marones
553 3391 587 3450 P.
613 3391 631 3450 l.
655 3390 828 3466 Plilopones
1425 3461 1431 3478 .

330 3495 365 3554 P.
388 3494 537 3554 Maeones
553 3493 590 3552 P.
622 3494 639 3551 l.
662 3493 840 3552 Philocrates
867 3493 1056 3552 Interamnae
1083 3491 1262 3552 Nabartium
1286 3492 1321 3554 O.
1341 3494 1365 3554 Ι.
1383 3493 1419 3554 L.

415 3597 536 3657 11405.

331 3699 398 3760 Nec
424 3700 559 3759 aMusis
586 3718 683 3776 neque
710 3718 729 3758 a
755 3701 920 3759 mussando
947 3699 995 3776 (ut
1016 3699 1179 3778 Bergkium
1201 3699 1288 3757 video
1315 3699 1420 3758 distin·

331 3821 422 3880 guero
444 3803 532 3862 Mosa
560 3820 725 3880 cognomen
747 3801 889 3862 Latinum
915 3822 934 3861 a
955 3803 1060 3860 Μοῦσα
1087 3804 1117 3860 in
1144 3801 1273 3860 editione
1299 3819 1355 3860 sua
1376 3803 1421 3860 in-

332 3907 408 3966 dicis
429 3925 528 3964 rerum
553 3907 590 3964 ab
613 3907 752 3982 Augusto
775 3914 929 3986 gestarum
950 3926 980 3984 p.
999 3905 1067 3982 13),
1089 3905 1142 3964 sed
1163 3925 1182 3964 a
1203 3904 1270 3962 loco
1291 3905 1420 3981 quodam

333 4027 440 4068 nomen
463 4007 521 4066 boc
542 4007 746 4067 derivandum.
784 3985 963 4086 Cbmparari
979 4016 1079 4084 potest
1093 4006 1259 4067 Tuscorum
1275 4007 1422 4066 Mosarna

334 4111 384 4188 (ci.
407 4110 506 4169 annal.
529 4110 621 4168 instit.
645 4111 794 4172 arehaeol.
817 4130 845 4168 a.
863 4112 940 4170 1851
965 4131 995 4188 p.
1012 4109 1127 4186 51ss.).

336 4213 374 4274 L.
400 4213 613 4290 Neapolitanos
639 4212 788 4272 Liberalia
814 4214 944 4290 Neapoli
971 4213 995 4272 Ι.
1018 4213 1058 4274 N.
1080 4212 1161 4273 3275
1188 4213 1218 4271 in
1245 4213 1333 4272 titulo
1361 4230 1420 4271 non

419 4315 579 4374 admodum
602 4323 728 4374 vetusto.

336 4418 402 4478 Sea.
420 4419 567 4478 Nerianua
583 4415 650 4476 Sa.
663 4419 691 4492 s.
710 4417 919 4496 Clo(atamina)
937 4419 1072 4490 Clemens,
1085 4419 1250 4494 praefectus
1266 4419 1388 4476 cobortia
1404 4419 1426 4475 I

418 4521 623 4580 Montanorum
644 4539 671 4578 a.
689 4520 728 4578 80
750 4519 781 4578 in
803 4519 965 4597 diplomate
987 4521 1109 4580 militari
1132 4519 1165 4581 O.
1182 4521 1206 4580 Ι.
1223 4519 1258 4578 L.
1282 4519 1340 4592 III,
1355 4537 1400 4580 xt.

336 4625 401 4685 Sec.
424 4623 572 4684 Nonianus
594 4623 679 4681 Folia
699 4623 815 4682 Romae
837 4623 972 4682 Fabretti
988 4624 1059 4697 586,
1077 4624 1145 4682 186.

336 4728 401 4788 Sa.
424 4727 571 4785 Ner-ianua
593 4725 731 4785 Romulae
753 4725 868 4785 Romae
891 4725 987 4786 Orelli
1002 4727 1093 4786 5048.

336 4829 479 4888 Eiusdem
506 4828 640 4888 familiae
667 4829 762 4888 luisse
790 4837 852 4887 tres
881 4829 950 4887 illos
977 4829 1112 4888 homines
1140 4847 1321 4905 praenomen
1342 4827 1422 4888 idem

336 4933 442 5009 arguit.

378 5035 456 5093 Nero
479 5053 586 5093 nomen
601 5031 759 5105 Umbrum,
781 5035 873 5093 Nerio
895 5037 1005 5095 flumen
1020 5033 1110 5106 Latii,
1133 5033 1245 5093 Nariac
1266 5043 1297 5093 et
1313 5033 1422 5092 Nerius
1498 5069 1500 5080 ·

337 5123 489 5213 gentilicia
510 5137 725 5212 comparanda;
750 5155 827 5213 quae
849 5145 944 5195 utrum
965 5137 1073 5213 partim
1096 5136 1134 5194 ad
1155 5155 1211 5195 nar
1231 5137 1360 5195 radicem
1377 5155 1423 5195 re·

337 5239 459 5299 ferenda
485 5241 545 5300 sint
570 5257 663 5301 necne
691 5240 739 5300 hic
767 5257 826 5297 non
854 5258 974 5316 quaero.
1018 5239 1092 5302 Loci
1114 5259 1222 5302 nomen
1245 5237 1341 5300 simile
1363 5256 1422 5296 non

340 5359 417 5404 novt.
