3548 6012
331 655 379 725 20
545 711 549 720 .
925 672 1064 724 namur.

331 855 453 906 seurota
479 853 560 918 erat3
590 845 672 922 quod
697 845 820 904 tradidit
842 863 948 904 nomen
971 845 1074 922 utique
1096 843 1205 902 falsum
1228 853 1282 903 est.
1326 844 1528 920 Theophanes
1550 843 1667 918 reliquit

229 983 231 986 ·
331 949 424 1008 filium
447 949 489 1007 M.
511 948 689 1024 Pompeium
716 955 793 1007 teste
816 945 965 1006 Strabone
988 945 1092 1023 (XIII,
1115 946 1190 1023 618)
1216 946 1267 1022 qui
1290 947 1317 1004 ei
1339 947 1420 1022 apud
1442 945 1596 1004 Tiberium
1619 965 1665 1003 ae·
1760 935 1761 1010 l

330 1053 506 1126 ceptissimo
528 1049 664 1126 aequalis
687 1050 752 1108 fuit.
787 1051 887 1108 Paene
910 1058 1022 1122 certum
1044 1049 1171 1122 ridetur,
1194 1051 1284 1108 etiam
1299 1057 1413 1125 patrem
1428 1047 1562 1107 Marcum
1578 1046 1666 1105 Pom·
1760 1049 1761 1108 l

329 1155 430 1228 peium
452 1153 636 1210 nominatum
652 1152 758 1224 fuisse,
775 1149 978 1229 Capitolinum
993 1159 1093 1210 autem
1108 1152 1267 1210 erravisse.
1300 1150 1427 1227 Pompei
1443 1151 1557 1209 amicus
1572 1150 1666 1209 nesci·

320 1273 397 1331 ¹mus
420 1273 480 1332 quo
496 1273 574 1313 anno
589 1261 725 1321 mortuus
741 1254 789 1314 sit.
823 1254 900 1313 Post
913 1255 1060 1332 proelium
1076 1253 1287 1313 Pharsalicum
1303 1272 1370 1312 cum
1385 1252 1532 1328 Pompeio
1548 1253 1666 1330 Mytile·
1760 1245 1761 1298 ἶ

331 1375 388 1414 nen
410 1357 561 1434 profectus
584 1377 655 1416 mox
677 1357 729 1414 illo
751 1365 870 1415 mortuo
885 1357 1013 1416 Romam
1035 1373 1175 1416 reversus
1198 1357 1261 1415 otia
1281 1355 1389 1414 litteris
1407 1357 1524 1415 dicasse
1539 1355 1666 1414 videtur.
1760 1397 1761 1436 3

330 1461 369 1518 A.
387 1460 427 1516 44
448 1460 627 1518 interrivos
649 1467 824 1518 numeratur
845 1479 864 1516 a
879 1457 1025 1519 Cicerone
1047 1459 1085 1516 ad
1100 1460 1163 1517 Att.
1179 1457 1239 1517 XV
1257 1457 1303 1516 19.
1341 1459 1474 1516 Marcum
1489 1458 1666 1536 Pompeium
1760 1461 1761 1522 j

330 1561 425 1620 filium
442 1562 574 1639 Augusti
590 1561 734 1621 beneficio
750 1563 844 1620 Asiae
859 1571 1083 1638 procuratorem
1099 1561 1203 1632 fuisse,
1221 1559 1327 1620 deinde
1342 1559 1496 1618 Tiberium
1512 1562 1540 1619 ei
1555 1561 1667 1620 favisse

330 1662 439 1725 Strabo
455 1675 558 1724 auctor
573 1672 627 1724 est.
661 1665 742 1722 Iram
758 1682 828 1721 vero
844 1663 960 1722 Tiberii
977 1664 1093 1740 experti
1110 1672 1180 1721 sunt
1195 1663 1306 1738 posteri
1321 1663 1397 1734 eius,
1412 1681 1473 1738 quo
1488 1664 1525 1721 de
1541 1663 1666 1722 Tacitus
1760 1697 1761 1744 l

334 1765 398 1828 Ser.
416 1765 515 1826 Galba
529 1766 565 1825 L.
583 1765 670 1827 Sulla
688 1783 749 1824 cos.
771 1785 797 1823 a.
810 1765 850 1824 33
869 1765 961 1825 haece
981 1775 1085 1824 narrat
1107 1767 1158 1840 (A.
1175 1763 1221 1822 IV
1234 1763 1301 1840 26):
1324 1759 1425 1823 ‘etiam
1445 1765 1476 1824 in
1491 1764 1667 1840 Pompeiam
1760 1745 1761 1796 l

330 1869 495 1928 Macrinam
521 1869 646 1927 exilium
670 1869 824 1939 statuitur,
851 1869 937 1928 cuiue
960 1869 1098 1928 maritum
1120 1867 1295 1944 Argolicum
1319 1884 1456 1926 socerum
1478 1865 1630 1926 Laconem
1653 1887 1668 1924 e
1760 1851 1761 1878 l

330 1972 513 2049 primoribus
535 1969 725 2030 Achaeorum
748 1969 862 2030 Caesar
890 1971 1062 2042 adflixerat3
1089 1979 1174 2046 peter
1195 1987 1314 2046 quoque
1333 1969 1470 2028 inlustris
1493 1987 1585 2045 eques
1606 1969 1669 2028 Ro·
1760 1981 1761 2024 l

331 2092 438 2133 manus
461 2093 496 2132 ac
517 2073 612 2132 frater
632 2073 800 2151 praetorius
823 2093 890 2132 cum
913 2073 1063 2132 damnatio
1086 2073 1213 2130 instaret
1234 2071 1337 2148 seipsi
1353 2071 1542 2130 interfecere:
1565 2071 1667 2129 datum

331 2185 395 2234 erat
421 2177 552 2248 crimini,
582 2176 661 2252 quod
684 2175 889 2252 Theophanen
912 2175 1128 2252 Mytilenaeum
1157 2193 1301 2250 proavum
1329 2193 1433 2232 eorum
1459 2171 1516 2232 Cn.
1538 2175 1668 2250 Magnus
1760 2241 1761 2244 Ἴ

329 2279 407 2336 inter
428 2279 551 2338 intimos
570 2278 725 2338 habuisset
740 2277 878 2354 quodque
892 2277 1031 2336 defuncto
1047 2277 1227 2352 Theophani
1241 2276 1387 2335 caelestes
1403 2277 1533 2336 honores
1550 2273 1670 2335 Graeca
1760 2287 1761 2362 y

330 2381 464 2440 adulatio
487 2375 649 2441 tribuerat.'
686 2380 824 2439 Proavus
848 2378 961 2438 seilicet
978 2378 1179 2456 Theophanes
1200 2378 1257 2437 fuit
1278 2379 1442 2454 Pompeiae
1464 2378 1618 2438 Macrinae
1640 2386 1670 2435 et

329 2484 432 2542 fratris
455 2483 608 2558 praetorii,
632 2491 664 2540 ut
684 2491 770 2560 pater
791 2482 928 2541 inlustris
945 2499 1036 2557 eques
1053 2481 1208 2540 Romanus
1224 2481 1319 2539 Marci
1334 2481 1460 2556 Pompei
1476 2481 1554 2539 filius
1569 2481 1669 2538 fuerit.

332 2585 450 2645 Fratris
478 2585 623 2663 praetorii
643 2585 776 2643 fortasse
798 2585 927 2661 aliquam
950 2585 1125 2643 memoriam
1147 2583 1286 2660 quamvis
1309 2585 1450 2662 exiguam
1472 2591 1609 2642 tenemus
1631 2604 1671 2642 ex
1760 2569 1761 2624 Ῑ

331 2687 434 2747 eodem
457 2687 565 2746 Tacito
592 2689 673 2746 Anu.
695 2685 770 2760 172
794 2687 835 2762 (a.
855 2688 891 2746 15
918 2685 1022 2746 Druso
1050 2683 1182 2746 Caesare
1211 2683 1247 2746 C.
1274 2684 1419 2744 Norbano
1447 2684 1555 2760 coss.):
1585 2681 1670 2743 ‘mox
1760 2687 1761 2704 ¹

331 2789 473 2849 Tiberius
501 2789 691 2848 consultante
713 2788 857 2865 Pompeio
881 2789 983 2847 Macro
1010 2797 1149 2865 praetore
1176 2807 1213 2846 an
1239 2787 1350 2846 iudicia
1373 2787 1541 2846 maiestatis
1563 2787 1670 2845 redde-

330 2901 442 2963 rentur,
469 2893 651 2950 exercendas
673 2891 755 2969 leges
777 2908 846 2949 esse
866 2885 1040 2967 respoudit.’
1085 2887 1225 2948 Sororem
1248 2890 1341 2948 exilio
1364 2889 1517 2948 multatam
1540 2891 1572 2948 in
1592 2889 1669 2947 Les·

331 2994 403 3052 bum
426 2993 555 3068 patriam
578 2993 707 3052 insulam
728 2993 852 3052 rediisse
876 2992 1038 3052 verisimile
1060 3002 1115 3051 est.

414 3095 462 3153 Ad
498 3097 577 3154 hanc
611 3096 755 3154 familiam
792 3095 929 3154 fortunae
966 3095 1083 3153 vicibus
1117 3096 1190 3154 satis
1223 3095 1366 3171 agitatam
1399 3102 1433 3152 ut
1464 3111 1517 3154 eos
1551 3096 1603 3171 qui
1637 3095 1668 3153 in

332 3197 423 3256 titulo
457 3199 514 3256 hoc
546 3206 751 3256 memorantur
781 3199 918 3258 homines
950 3198 1106 3268 referrem,
1139 3197 1198 3256 tria
1229 3216 1276 3254 me
1308 3196 1501 3256 induxerunt:
1538 3198 1670 3274 primum

330 3300 543 3377 Pompeiorum
570 3319 680 3358 nomen
707 3300 833 3376 gentile,
860 3298 967 3358 deinde
989 3299 1141 3358 Macrinus
1171 3317 1349 3376 cognomen,
1378 3299 1506 3377 denique
1532 3299 1614 3375 quod
1637 3299 1670 3358 in

329 3400 430 3461 Lesbo
459 3401 562 3462 insula
588 3411 723 3480 repertus
752 3412 798 3461 est
825 3403 930 3461 titulus
960 3411 989 3460 et
1017 3401 1138 3478 quidem
1167 3402 1197 3459 in
1220 3403 1289 3480 ipsa
1308 3402 1559 3479 Mytilenaeorum
1583 3401 1669 3461 urbe.

330 3503 456 3562 Lemma
483 3505 563 3564 enim
590 3513 650 3562 est:
679 3505 794 3563 Ibidem
821 3505 850 3562 h.
871 3524 897 3563 e.
924 3505 955 3562 in
982 3504 1098 3563 balneis
1122 3501 1229 3573 Lesbi,
1255 3521 1332 3579 quae
1355 3504 1462 3562 balnea
1483 3517 1554 3563 sunt
1574 3522 1670 3580 prope

330 3607 496 3684 Mytilenen
519 3609 592 3680 sita,
614 3606 733 3666 Dianae
755 3606 916 3666 Thermiae
939 3607 1033 3664 sacris
1056 3605 1202 3682 festisque
1224 3607 1388 3679 celebrata,
1411 3607 1577 3682 dequibus
1600 3605 1670 3664 ride

332 3707 434 3768 Conze
456 3709 573 3769 Lesbos
600 3730 629 3787 p.
649 3709 695 3768 16.
741 3708 907 3768 Confirmat
935 3709 1063 3784 denique
1090 3709 1290 3767 coniecturam
1317 3710 1358 3768 M.
1386 3708 1511 3785 Pompei
1538 3707 1668 3767 Macrini

331 3819 470 3887 quartum
492 3831 601 3871 nomen
624 3821 797 3887 corruptum
820 3815 1036 3869 ΘΕΟΙΑΝΝΕΙ.
1070 3809 1140 3869 Non
1163 3812 1282 3870 invenio
1304 3811 1376 3888 quid
1391 3811 1512 3870 facilius
1528 3811 1670 3886 aptiusve

331 3915 450 3972 restitui
472 3915 571 3990 possit
592 3933 681 3991 quam
702 3914 777 3973 illud
798 3913 878 3990 quod
900 3913 1045 3990 proposui
1066 3932 1174 3972 nomen
1191 3903 1342 3988 θεοφάυου
1365 3933 1385 3971 a
1404 3913 1500 3991 gentis
1515 3913 1671 3971 conditore

331 4017 473 4076 traditum
501 4026 720 4095 receptumque.
765 4016 923 4092 Duplieem
953 4021 974 4072 Ν
1002 4017 1132 4075 litteram
1159 4035 1219 4074 non
1247 4017 1373 4074 obstabo
1402 4017 1427 4076 si
1455 4016 1523 4092 quis
1551 4015 1671 4074 librarii
1760 4091 1761 4094 Ἴ

331 4119 537 4195 neglegentiae
564 4120 732 4178 condonare
754 4119 841 4190 velit3
872 4119 926 4178 sed
951 4125 1052 4194 potest
1078 4119 1168 4176 etiam
1193 4119 1260 4195 lege
1285 4119 1339 4176 uiti
1368 4137 1457 4196 quam
1479 4117 1670 4196 grammatici

331 4239 442 4297 eosque
465 4222 559 4280 secuti
581 4222 663 4280 illius
685 4223 829 4300 temporis
846 4221 1011 4280 Aeolenses
1033 4237 1073 4278 ex
1094 4221 1173 4279 male
1194 4221 1346 4280 intellecto
1367 4222 1487 4298 linguae
1503 4241 1559 4280 usu
1573 4220 1671 4279 duxe-
1760 4241 1761 4266 l

330 4323 524 4395 runt,'veluti
546 4321 712 4400 Gregorius
736 4322 806 4383 Cor.
824 4323 898 4383 609:
922 4309 996 4380 advos
1018 4312 1115 4379 adura
1136 4317 1173 4378 rel
1197 4315 1339 4400 σύμφωνα
1362 4313 1602 4394 διπλασιάζουσιν
1623 4313 1672 4379 e'rtl

329 4425 385 4482 miv
406 4416 563 4504 βραχέων·
587 4421 623 4483 ule
644 4420 674 4483 τὸ
697 4417 806 4494 ἔννεπε,
828 4417 903 4496 hwa,
924 4415 1025 4484 κέννος.
1042 4459 1083 4469 -
1110 4429 1141 4482 ΕΙ
1166 4425 1197 4482 in
1221 4430 1273 4482 ΟΥ
1297 4435 1459 4485 correctum
1482 4425 1557 4484 nihil
1578 4427 1672 4484 habet

331 4526 524 4600 offensionis,
551 4528 640 4587 modo
665 4530 799 4588 lunatum
826 4528 922 4587 fuisse
949 4528 1067 4585 litterae
1096 4531 1116 4583 Ε
1144 4528 1271 4586 formam
1293 4527 1392 4604 fingas
1415 4527 1475 4604 (Ε).
1520 4531 1671 4588 Accurate

330 4630 409 4688 euim
436 4649 563 4706 usquam
591 4631 757 4690 litterarum
784 4633 897 4708 figuras
925 4629 956 4688 in
985 4629 1043 4687 hoc
1069 4629 1244 4705 apographo
1266 4630 1392 4689 traditas
1415 4649 1482 4689 esse
1502 4631 1592 4690 valde
1615 4631 1671 4690 du·
1760 4621 1761 4624 ¹

329 4731 406 4804 bito,
430 4733 456 4790 si
478 4732 597 4810 quidem
620 4743 653 4792 ut
673 4753 764 4793 unum
786 4733 938 4811 proferam
959 4731 1077 4790 litterae
1100 4737 1124 4789 ω·
1144 4731 1177 4790 in
1198 4731 1336 4792 omnibus
1358 4733 1418 4792 illis
1440 4733 1514 4793 satis
1531 4733 1671 4793 diversae
1760 4801 1761 4812 χ

330 4835 438 4892 aetatis
465 4835 562 4894 titulis
590 4837 687 4913 figura
713 4837 816 4896 eadem
844 4837 977 4913 pingitur
1003 4833 1041 4893 ad
1068 4837 1100 4892 c)
1127 4835 1265 4912 proxime
1295 4835 1449 4894 accedens.
1496 4834 1546 4895 De
1572 4836 1672 4895 forma
1760 4829 1761 4896 l

330 4935 458 5012 denique
473 4939 603 5014 genetivi
618 4928 781 5016 Θεοφάνου,
803 4957 880 5016 quae
902 4937 1076 4997 traditorum
1099 4937 1236 5014 vestigiis
1251 4939 1482 5010 commendatur,
1505 4937 1542 4996 cf.
1559 4939 1671 5024 Weck·
1760 4927 1761 4982 l

327 5038 388 5098 lein
410 5037 509 5098 Curae
531 5040 625 5118 epigr.
648 5061 678 5118 p.
695 5040 744 5100 23.

412 5139 568 5202 Habemus
596 5143 688 5219 igitur
713 5144 755 5202 M.
783 5143 962 5220 Pompeium
987 5142 1156 5203 Macrinum
1178 5141 1392 5221 Theophanem
1420 5151 1552 5221 patrem,
1578 5144 1670 5204 Pom·

328 5243 428 5320 peiam
450 5245 685 5325 Agrippinillam
707 5247 800 5306 filiam
824 5247 1008 5324 eandemque
1031 5263 1156 5304 uxorem
1174 5245 1215 5304 M.
1233 5243 1324 5306 Gabii
1346 5245 1386 5322 (s.
1404 5244 1508 5323 Gavii)
1533 5287 1671 5306 .......
