3548 6012
344 604 393 675 30
938 617 1088 678 abanan

343 801 355 854 i
378 797 453 854 illud
477 807 545 856 ante
567 817 605 855 on
627 797 769 856 suffixum
792 809 927 871 serront3
950 800 980 857 in
1001 803 1086 857 tonna
1107 799 1199 875 igitur
1219 799 1349 857 formata
1369 805 1441 856 sunt
1461 798 1601 874 proprie,
1626 814 1689 854 non

342 899 374 958 in
396 919 478 958 anus.

427 1002 512 1062 Haec
531 1003 751 1080 praemonenda
766 1011 860 1075 erunt,
882 1005 1057 1082 priusquam
1074 1004 1112 1061 ad
1127 1003 1314 1079 propositum
1331 1004 1471 1062 accedere
1485 1003 1566 1061 licet.
1601 1000 1635 1059 N
1638 1020 1687 1058 am

344 1103 403 1162 dici
425 1112 525 1183 potest
551 1106 640 1164 etiam
669 1106 706 1164 de
733 1107 957 1183 quaestionibus
980 1106 1061 1164 hisce
1084 1105 1348 1184 onomatologicis‚
1375 1106 1456 1183 quod
1482 1105 1519 1163 de
1540 1104 1616 1162 aliis
1640 1124 1689 1161 re·

343 1207 399 1264 bus
422 1206 532 1266 dictum
555 1216 614 1267 est:
637 1208 733 1286 siquis
755 1227 847 1267 unum
870 1208 1022 1267 nominum
1045 1225 1139 1286 genus
1162 1208 1254 1280 novit,
1277 1207 1393 1266 nullum
1414 1207 1511 1280 novit3
1534 1205 1563 1264 si
1579 1207 1689 1264 omnia

343 1307 441 1382 novit,
469 1328 561 1368 uuum
588 1311 680 1369 novit.
723 1309 843 1370 Deinde
869 1311 921 1387 qui
946 1311 977 1369 in
999 1311 1168 1370 nominibus
1190 1311 1320 1388 propriis
1342 1310 1506 1369 tractandis
1527 1319 1689 1380 versatur,

344 1410 371 1470 ei
403 1429 469 1469 cum
501 1413 588 1488 quasi
613 1412 644 1471 in
671 1431 784 1471 oceano
812 1413 943 1489 quodam
971 1412 1176 1490 exemplorum
1203 1413 1367 1472 natandum
1394 1413 1435 1471 sit
1459 1411 1585 1490 prodest
1618 1413 1689 1487 qui·

344 1513 410 1570 dem
433 1513 508 1572 haec
529 1513 631 1590 copia,
657 1533 726 1574 nam
749 1535 787 1574 ex
808 1515 968 1574 multarum
991 1533 1089 1573 rerum
1112 1515 1159 1574 rel
1182 1515 1394 1592 aequabilitate
1415 1515 1463 1572 vel
1485 1514 1691 1572 similitudine

343 1632 417 1674 usus
444 1616 525 1692 leges
551 1615 640 1694 plene
665 1617 796 1694 perspici
822 1625 963 1694 possunt,
990 1617 1043 1676 sed
1064 1617 1167 1676 eadem
1189 1617 1279 1676 etiam
1301 1617 1493 1676 difficultates
1515 1629 1602 1675 creat
1626 1635 1689 1674 non

343 1735 469 1794 parras3
495 1736 566 1776 nam
592 1727 666 1795 quot
692 1719 847 1795 exempla,
873 1727 919 1777 tot
944 1721 1034 1778 etiam
1062 1717 1125 1778 sere
1151 1719 1183 1778 in
1210 1737 1265 1778 usu
1292 1719 1448 1778 libertates
1473 1719 1690 1778 observandae

344 1828 423 1879 sunt.
472 1817 595 1879 Certum
622 1829 721 1882 nmen
747 1831 795 1880 est
815 1840 854 1880 ex
881 1821 1033 1880 nominum
1062 1821 1249 1899 propriorum
1276 1821 1455 1880 formatione
1481 1821 1578 1880 multa
1607 1822 1690 1881 disci

344 1939 451 1998 posse,
476 1941 554 1999 quae
577 1932 637 1982 tam
660 1925 699 1982 ad
721 1932 814 1982 artem
836 1925 1060 2000 grammaticam
1084 1925 1248 2000 pertinent,
1270 1941 1361 2000 quam
1383 1925 1497 1984 iaciunt
1518 1924 1558 1982 ad
1580 1943 1688 1984 rerum

345 2023 559 2101 hominumque
586 2026 742 2086 historiam
771 2027 882 2085 rectius
912 2026 1152 2103 intellegendam.
1195 2027 1302 2102 Itaque
1323 2026 1486 2103 periculum
1508 2026 1689 2085 faciendum

345 2133 435 2204 atque
462 2128 500 2186 ab
521 2145 581 2186 uno
604 2127 705 2204 aliquo
727 2145 835 2204 genere
857 2128 1061 2205 incipiendum
1084 2138 1138 2188 est.

427 2225 591 2306 Composui
616 2231 709 2306 igitur
735 2229 849 2290 indices
877 2241 951 2303 tres,
979 2232 1108 2309 primum
1135 2231 1355 2308 gentiliciorum
1380 2232 1411 2290 in
1433 2251 1522 2302 onus,
1550 2231 1689 2290 alterum

343 2331 551 2408 cognominum
579 2332 611 2390 in
640 2350 729 2404 unus,
758 2351 836 2410 quae
864 2333 983 2410 quidem
1011 2353 1030 2392 a
1058 2333 1133 2392 locis
1163 2333 1256 2391 videri
1284 2342 1414 2412 possunt
1438 2333 1575 2393 derivata
1604 2352 1689 2404 esse,

343 2433 462 2492 tertium
486 2434 709 2511 'gentiliciorum
732 2437 763 2494 in
786 2439 884 2508 anian,
912 2453 990 2511 quae
1011 2435 1145 2495 eiusdem
1168 2435 1312 2496 similisve
1334 2436 1458 2514 originis
1481 2453 1549 2496 esse
1571 2437 1690 2514 proba·

344 2536 405 2594 bile
425 2546 479 2596 est.
517 2536 630 2596 Plenus
652 2555 705 2596 eos
727 2557 788 2596 non
811 2556 878 2597 esse
900 2539 977 2609 sci03
999 2538 1099 2615 recepi
1122 2547 1220 2597 autem
1233 2548 1390 2616 ⁸quotquot
1411 2538 1517 2615 collegi
1540 2539 1692 2616 exempla

344 2657 382 2696 ex
405 2639 601 2715 scriptoribus
622 2649 653 2698 et
674 2640 800 2716 syllogis
821 2640 1050 2717 inscriptionum
1073 2639 1159 2700 editis
1181 2641 1361 2714 maioribus,
1387 2659 1464 2718 quae
1490 2639 1548 2699 fide
1572 2640 1690 2717 dignae

344 2748 423 2800 sunt.
468 2738 613 2818 Corporis
640 2741 869 2819 inscriptionum
891 2741 1067 2802 Latinarum
1094 2743 1184 2801 etiam
1206 2761 1243 2801 ea
1264 2744 1418 2802 volumina
1439 2742 1575 2814 adhibui,
1605 2761 1690 2818 quae

344 2843 476 2900 nondum
499 2843 611 2920 publici
634 2843 707 2902 iuris
730 2844 914 2917 factasunt,
937 2845 1007 2904 item
1031 2843 1158 2904 schedas
1181 2847 1219 2904 ad
1240 2845 1342 2904 futura
1364 2845 1515 2904 volumina
1536 2844 1690 2902 collectas

344 2963 383 3003 ex
409 2953 510 3022 parte;
539 2945 675 3005 Henzeni
705 2947 831 3006 schedas
858 2948 989 3007 urbanas
1015 2947 1165 3023 inspicere
1191 2949 1275 3024 potui
1303 2947 1418 3006 Romae
1444 2968 1470 3006 a
1490 2943 1581 3005 1856.
1638 2947 1691 3005 Ex

344 3047 469 3124 syllogis
490 3047 672 3120 minoribus,
694 3066 772 3125 quae
795 3049 981 3124 singulorum
1002 3049 1137 3108 locorum
1160 3049 1263 3108 titulos
1286 3051 1455 3122 continent,
1476 3049 1689 3127 paucissimas
1765 3055 1766 3114 l

343 3150 504 3227 usurpavi3
531 3151 612 3226 quod
638 3149 810 3226 probabunt
830 3151 928 3226 periti.
972 3152 1107 3210 Incertae
1134 3153 1271 3211 lectionis
1299 3152 1439 3231 exempla
1465 3151 1561 3210 multa
1583 3152 1690 3210 sciens
1765 3157 1766 3160 ’

344 3251 448 3324 omisi3
475 3251 619 3312 nonnulla
639 3253 771 3330 recipere
793 3253 868 3312 utile
888 3255 988 3314 risum
1010 3261 1069 3328 est,
1099 3254 1151 3314 sed
1173 3255 1368 3316 dubitationis
1391 3255 1478 3332 signo
1500 3253 1688 3330 (asterisco)

344 3354 494 3432 adposito.

688 3653 717 3730 I.
770 3651 930 3730 Nomina
955 3655 1141 3755 gentilicia
1167 3655 1204 3730 in
1232 3682 1334 3732 unns.

344 3869 543 3928 Annuunavs
597 3865 630 3926 0.
653 3867 815 3928 Abellanos
836 3869 922 3929 Folia
948 3869 1063 3929 Rornae
1090 3869 1224 3931 Fabretti
1252 3871 1457 3948 p.1,111=
1481 3869 1559 3932 Gori
1582 3873 1611 3945 l,
1635 3873 1688 3946 61,

678 3973 747 4032 158.
790 3971 874 4032 Idem
896 3973 1000 4046 homo,
1029 3981 1062 4032 ut
1084 3973 1214 4048 videtur,
1238 3973 1318 4050 apud
1341 3972 1470 4034 Gorium
1495 3977 1521 4044 1,
1545 3973 1596 4047 61,
1625 3977 1687 4034 163

679 4075 709 4134 0.
732 4074 889 4134 Abillonns
910 4075 996 4134 Felic
1026 4075 1149 4150 dicitur3
1177 4077 1230 4135 sed
1254 4093 1270 4134 a
1293 4087 1322 4134 et
1344 4093 1352 4133 ι
1373 4077 1490 4135 litterae
1511 4077 1541 4134 in
1566 4076 1688 4137 littera·

674 4184 743 4236 tura
763 4177 957 4249 tabellarum,
978 4177 1085 4255 quales
1109 4179 1247 4238 solebant
1268 4179 1298 4238 iu
1314 4178 1505 4238 columbariis
1520 4178 1613 4257 adfigi
1631 4201 1688 4258 pa-

675 4279 808 4354 rietibus,
831 4297 922 4358 saepe
943 4275 1000 4339 vix'
1018 4279 1250 4359 distinguuntur.

590 4381 702 4440 Abolla
724 4379 908 4460 Campaniae
930 4391 1003 4442 nota
1024 4391 1078 4442 est.

345 4485 536 4542 Acarnanvs
593 4483 636 4542 M.
663 4483 830 4544 Acerranos
858 4485 927 4560 [ht]
949 4487 977 4560 s.
1006 4483 1186 4562 Ae[nr(ilic)]
1214 4485 1363 4545 Secundus
1390 4485 1493 4544 nescio
1522 4503 1583 4563 quo
1613 4486 1686 4547 loeo

675 4585 758 4646 Doni
775 4587 844 4664 193,
863 4585 921 4644 124
943 4586 1027 4662 (inde
1041 4587 1150 4645 Murat.
1167 4587 1238 4660 665,
1255 4587 1301 4663 5);
1325 4588 1379 4646 sed
1394 4587 1498 4648 titulus
1514 4589 1686 4666 suspicioni

675 4707 734 4749 non
756 4689 917 4749 obnoxius.

591 4792 725 4850 Acerrae
748 4790 930 4868 Campaniae
951 4791 1022 4850 item
1044 4800 1143 4850 notae.

345 4895 538 4954 Aurounuvs
592 4895 656 4954 Ser.
671 4893 831 4969 Apicianas
853 4895 883 4952 in
899 4892 1081 4972 Carthagine
1103 4913 1184 4954 nova
1205 4892 1239 4953 C.
1256 4893 1281 4953 Ι.
1296 4894 1333 4953 L.
1349 4894 1363 4953 l
1383 4895 1461 4955 1555
1479 4919 1516 4944 =
1533 4894 1566 4953 ll
1583 4894 1685 4972 34083

435 4997 459 5037 ⁸·
674 4996 777 5056 titulus
799 4998 941 5074 Augusto
963 4997 1120 5056 vetustior.

345 5063 537 5122 AEFVLANVS
591 5088 709 5183 Μάρκος
723 5090 904 5175 Αἰφουλανὸς
925 5097 1072 5178 Smyrnae
1095 5095 1129 5158 C.
1144 5097 1170 5156 Ι.
1187 5097 1241 5159 Gr.
1259 5099 1339 5160 3187
1362 5099 1478 5159 videtur
1492 5099 1602 5158 Asiam
1626 5123 1684 5180 pro

676 5203 799 5262 consule
825 5203 943 5262 rexisse
965 5203 1021 5261 sub
1042 5201 1164 5261 Nerone
1192 5201 1243 5278 (cf.
1265 5202 1490 5280 Waddingtonii
1509 5205 1609 5279 sactes
1634 5207 1684 5264 des

669 5309 822 5382 provinces
844 5307 1002 5381 arbaque
1024 5323 1053 5381 p.
1072 5303 1130 5364 133
1140 5303 1190 5380 s).
