3484 6006
529 665 727 716 rannerus
747 665 930 718 ruraaron.
1318 649 1389 718 355

90 771 156 778 ----
169 771 180 777 ,
428 769 449 774 ..-
465 769 599 776 --—..--
629 768 781 774 ——.—.

84 845 198 912 lteatur,
219 839 350 915 reliquos
372 857 483 911 omnes,
506 857 566 915 qua
587 849 633 898 est
655 839 763 915 insigni
786 839 931 912 socordia,
965 855 1020 897 suc
1053 839 1120 896 loco
1145 839 1256 899 relatos
1285 842 1390 900 nihilo-

81 948 164 1005 minus
183 961 240 1002 non
266 942 471 1020 deprehendit.

111 1047 155 1106 Ex
176 1053 313 1124 quattuor
334 1053 365 1104 et
385 1045 490 1121 viginti
519 1043 631 1116 titulis,
659 1061 735 1120 quos
766 1063 833 1102 vere
856 1043 1066 1120 Desjardinius
1094 1045 1169 1103 meis
1197 1045 1327 1120 addidit,
1354 1068 1391 1106 ne

80 1170 142 1210 unos
162 1147 276 1228 quidem
299 1157 359 1220 est,
383 1167 471 1224 quem
495 1157 546 1206 aut
567 1154 683 1206 constet
710 1157 761 1208 aut
783 1148 936 1225 probabile
958 1152 998 1206 sit
1022 1147 1118 1206 fuisse
1140 1148 1170 1205 in
1191 1166 1310 1222 museo,
1332 1169 1391 1226 quo

79 1265 192 1331 tempore
213 1269 268 1328 ego
290 1250 322 1308 id
345 1251 454 1309 iterata
475 1251 539 1310 vice
563 1250 758 1326 perlustravi„
798 1249 887 1324 Quod
915 1259 1012 1308 autem
1041 1251 1083 1307 ait
1104 1249 1193 1308 homo
1216 1270 1282 1310 mea
1303 1252 1392 1330 culpa

78 1361 166 1416 abesse
187 1374 206 1413 a
226 1353 362 1430 Corpore
395 1353 498 1412 titulos
531 1357 561 1412 in
584 1371 719 1412 museum
753 1353 863 1412 inlatos
887 1358 964 1411 inter
984 1352 1014 1410 id
1041 1361 1157 1430 tempus
1179 1363 1209 1412 et
1231 1354 1390 1414 voluminis

78 1461 227 1530 editionem,
260 1475 296 1516 eo
329 1456 428 1531 arguit
450 1473 482 1514 se
515 1457 545 1515 in
567 1457 651 1514 hisce
672 1455 780 1514 studiis
803 1456 897 1514 multo
920 1455 1016 1532 magis
1038 1467 1186 1515 recentem
1209 1475 1277 1516 esse
1299 1475 1389 1533 quam

78 1561 219 1636 cumipse.
262 1558 362 1616 Velim
385 1563 536 1616 examinet
558 1559 697 1616 volumen
720 1571 912 1634 numeretque
934 1576 1039 1616 musea
1061 1560 1091 1617 in
1114 1579 1150 1617 eo
1172 1560 1390 1637 comprehensa

78 1667 221 1740 doceatqm
243 1660 361 1732 deinde,
384 1667 436 1738 qui
451 1662 528 1720 ellici
544 1661 650 1738 possit,
674 1671 706 1719 ut
720 1671 825 1736 postea
841 1669 960 1735 reperta
975 1661 1178 1738 undecumque
1194 1662 1230 1719 ad
1246 1661 1390 1721 editorem

77 1769 163 1827 eodem
179 1778 312 1844 tempore
327 1783 421 1840 eoque
434 1764 513 1824 iusto
529 1763 701 1822 afferantur.
746 1762 812 1839 Ego
828 1775 900 1840 puto
916 1783 962 1821 me
978 1763 1087 1822 fecisse
1103 1765 1182 1840 quod
1198 1765 1262 1822 fieri
1277 1765 1374 1841 potuit
1380 1787 1388 1836 3

76 1872 112 1928 bis
125 1890 252 1930 museum
268 1871 446 1930 Pestiuense
462 1873 557 1924 totum
573 1867 695 1924 excussi
711 1867 812 1940 itaque
828 1883 863 1924 eo
879 1867 1011 1941 perveni,
1035 1875 1066 1924 ut
1088 1867 1191 1926 titulos
1214 1868 1342 1945 scriptos
1358 1869 1389 1926 in

75 1991 103 2031 eo
116 1974 283 2032 adservatae
298 1971 337 2030 ad
352 1989 444 2030 uuum
461 1987 565 2028 omnes
580 1943 722 2027 exhibere
737 1969 886 2044 potuerim
902 1987 921 2026 a
935 1988 982 2026 me
997 1969 1175 2044 descriptos.
1199 1967 1317 2028 Deinde
1332 1971 1388 2030 sub

74 2075 148 2134 finem
168 2078 267 2154 operis
284 2075 445 2134 Romerum
460 2071 609 2130 hominem
631 2071 901 2130 laboriosissimum
921 2078 950 2128 et
970 2071 1182 2130 amicissimum
1196 2089 1250 2147 per
1271 2073 1387 2130 litteras

74 2179 171 2254 rogati,
193 2188 225 2236 ut
247 2179 435 2236 submitteret
457 2193 535 2251 quae
558 2181 662 2249 parata
684 2175 815 2246 haberet,
838 2192 975 2250 quaeque
997 2175 1088 2246 misit,
1115 2195 1152 2232 ea
1173 2176 1203 2232 in
1225 2173 1388 2251 appendice

72 2281 156 2355 posui.
202 2279 262 2341 Sed
296 2281 374 2337 hunc
405 2296 489 2336 meae
521 2277 653 2334 incuriae
686 2275 967 2336 demonstrationem
1004 2277 1093 2353 plane
1124 2275 1388 2351 Desjardinianam

71 2403 164 2442 numen
192 2385 266 2441 artis
289 2389 418 2452 nostrae,
452 2381 516 2437 sive
539 2377 678 2436 Tutelam
711 2379 862 2437 titulorum
897 2398 961 2437 eam
984 2377 1116 2438 dicemus
1149 2379 1212 2438 sive
1234 2378 1386 2452 Nemesin,

70 2487 157 2544 statim
180 2483 350 2543 vindicavit.
395 2479 515 2541 Scilicet
548 2481 642 2540 edidit
674 2500 752 2540 anno
783 2481 859 2540 1873
885 2483 930 2540 vir
962 2482 1066 2540 doctus
1090 2481 1247 2540 Parisinus
1281 2482 1385 2542 titulos

69 2606 119 2648 non
139 2589 188 2665 qui
216 2585 454 2645 tumescentia
477 2601 580 2643 museo
603 2584 783 2654 Pestiuensi,
815 2583 870 2642 sed
892 2584 942 2660 qui
975 2585 1016 2642 ibi
1049 2592 1150 2642 essent
1172 2603 1230 2660 quo
1252 2595 1386 2661 tempore

69 2691 123 2766 ipse
145 2691 259 2749 Pestini
281 2689 345 2760 luit,
372 2687 517 2764 plurimos
540 2695 636 2744 autem
659 2694 689 2744 et
711 2688 848 2763 egregios
870 2686 971 2745 titulos
994 2686 1168 2764 appendicis
1189 2686 1386 2746 Romerianae

69 2793 125 2868 (qui
145 2801 217 2868 quot
238 2793 308 2862 sint,
331 2791 388 2866 ipsi
410 2789 610 2847 numerandos
633 2789 794 2864 relinquo),
819 2799 851 2847 ut
872 2790 968 2866 ipsius
985 2789 1131 2847 vocabulo
1153 2799 1229 2861 utar,
1251 2787 1385 2862 ‘omisit',

68 2900 233 2971 poteritque,
266 2895 292 2950 si
313 2893 422 2968 placet,
455 2892 579 2950 alterum
606 2893 675 2950 iude
701 2909 761 2950 non
782 2893 879 2950 minus
901 2891 1022 2950 uberem
1043 2890 1218 2950 fasciculum
1241 2894 1387 2952 conficere

66 2998 231 3073 inscriptum
254 2996 428 3054 Desiderato
450 2995 499 3052 dea
520 2995 703 3052 Desiderato.

102 3100 291 3159 Instrumenti
314 3097 469 3156 domestici
499 3096 600 3154 titulos
623 3095 691 3167 XL,
725 3113 801 3172 quos
836 3105 868 3154 ut
891 3095 1015 3174 Corpori
1050 3097 1172 3155 adderet
1193 3095 1386 3172 Desjardinio

67 3203 140 3261 lelici
161 3201 272 3259 homini
295 3200 512 3275 contigit,·non
534 3216 698 3276 persequar
719 3199 865 3257 similiter.
911 3197 988 3260 Sunt
1021 3201 1051 3258 in
1083 3199 1130 3258 his
1153 3199 1204 3257 alii
1227 3219 1321 3274 nuper
1342 3221 1385 3258 re-

66 3305 143 3380 perti,
169 3304 219 3362 alii
242 3303 323 3380 iique
344 3303 434 3379 longe
457 3301 557 3378 plures
580 3302 610 3360 in
633 3297 836 3360 ‘Desiderata'
859 3303 931 3360 baec
953 3303 1040 3360 relati
1067 3323 1177 3361 errore.
1220 3303 1264 3362 Ut
1284 3304 1386 3380 tegula

67 3426 91 3464 n.
110 3405 166 3464 273
188 3424 255 3465 mea
287 3415 333 3463 est
362 3402 451 3474 1629,
481 3403 518 3461 15
541 3423 559 3461 a
580 3402 773 3478 Desjardinio
806 3403 884 3462 male
916 3413 1056 3480 corrupta
1089 3425 1185 3482 neque
1208 3405 1324 3482 agnita3
1352 3415 1385 3463 ut

66 3505 296 3584 porsennam
333 3518 381 3566 est
411 3507 442 3564 in
465 3504 598 3583 Corpore
621 3527 647 3564 n.
666 3504 753 3578 277¹,
776 3506 856 3582 quod
877 3525 937 3564 non
971 3508 1063 3564 miror
1095 3528 1162 3566 eum
1188 3509 1383 3584 ignoravisse,

66 3611 111 3668 sed
134 3611 187 3669 hoc
208 3610 256 3668 vel
278 3611 308 3667 in
330 3610 386 3667 hoc
407 3609 526 3668 homine
541 3611 634 3666 miror
656 3608 800 3667 eiusmodi
815 3617 982 3668 monstrum
1004 3627 1058 3684 pro
1080 3612 1211 3688 genuino
1227 3611 1383 3670 venditari.

66 3711 128 3771 Non
153 3714 248 3790 magis
277 3712 423 3769 intellexit
449 3711 584 3788 imperite
606 3711 762 3770 confictum
785 3729 851 3770 esse
875 3713 1060 3788 signaculum
1083 3732 1111 3770 n.
1129 3711 1187 3769 247
1212 3729 1383 3772 κιΑνΔιΑεε.

66 3813 192 3892 Denique
215 3833 274 3873 uon
296 3814 423 3872 attendit
444 3814 483 3871 ad
514 3813 543 3870 id
566 3814 647 3889 quod
678 3815 779 3872 monui
811 3835 840 3890 p.
858 3815 916 3872 743
940 3816 970 3872 in
992 3815 1190 3873 instrumento
1220 3815 1383 3874 domestico

66 3919 211 3996 complura
237 3935 314 3994 quae
342 3916 467 3993 originis
494 3915 618 3974 Italicae
645 3916 693 3973 rel
726 3925 805 3974 certe
838 3937 943 3993 parum
976 3925 1072 3975 certae
1105 3934 1171 3976 esse
1204 3917 1382 3990 viderentur,

66 4021 214 4080 tradidisse
236 4039 283 4077 me
306 4017 428 4094 collegis
451 4018 511 4076 alio
534 4019 599 4076 loco
622 4017 749 4089 edenda;
773 4020 878 4094 utqui
901 4019 972 4077 talia
993 4024 1023 4078 in
1039 4018 1227 4078 Desideratis
1246 4020 1382 4094 collocat,

67 4141 124 4180 mea
144 4142 202 4182 non
218 4122 357 4198 corrigat,
381 4121 433 4178 sed
449 4129 629 4195 corrumpat.
673 4119 804 4179 Omnino
826 4122 943 4198 tegulas
959 4131 988 4180 et
1008 4123 1238 4180 instrumentum
1265 4124 1381 4182 univer·

67 4240 123 4282 sum
149 4224 357 4300 Desjardinius
390 4231 450 4282 tam
472 4223 638 4281 incredibili
665 4224 853 4300 neglegentia
885 4225 1031 4294 tractavit,
1067 4231 1099 4282 ut
1130 4227 1160 4282 in
1192 4227 1239 4283 his
1261 4226 1327 4302 ipse
1349 4244 1382 4284 se

66 4327 212 4402 superarit.
257 4325 338 4400 Quid
359 4326 437 4402 quud
464 4326 641 4384 necessitate
668 4335 789 4384 coactus
817 4327 880 4402 ipsc
906 4326 1055 4385 Romerus
1082 4335 1175 4384 totum
1202 4328 1281 4388 hunc
1306 4336 1382 4386 trac-

65 4435 148 4487 tatum
172 4413 281 4487 abiecit
301 4429 435 4504 haecque
461 4432 561 4486 omnia
583 4445 638 4486 suo
657 4429 753 4486 Marte
780 4447 845 4486 cum
865 4427 923 4486 fide
946 4437 974 4486 et
996 4429 1144 4487 industria
1165 4430 1260 4488 denuo
1282 4449 1383 4489 recen·

65 4531 125 4589 suit.
167 4531 234 4608 Ego
256 4531 286 4588 in
310 4530 357 4587 his
380 4531 589 4598 additamentis
613 4531 695 4590 solas
717 4531 834 4610 tegulas
856 4539 1031 4608 persecutus
1057 4531 1120 4589 suis
1142 4531 1217 4590 locis
1243 4535 1382 4608 exposui,

65 4629 268 4708 Desjardinius
290 4633 438 4708 quomodo
462 4651 513 4690 eas
536 4652 639 4692 omnes
662 4634 722 4690 fere
744 4633 821 4692 male
843 4633 948 4709 legerit
970 4642 999 4691 et
1020 4651 1160 4708 perverse
1181 4634 1355 4694 confuderit.

101 4737 147 4792 Ad
174 4735 336 4794 secundum
363 4734 496 4792 ordinem
524 4744 554 4794 et
580 4736 667 4811 siqua
693 4754 731 4792 ex
759 4736 846 4794 tertio
869 4736 927 4792 huc
950 4736 1097 4812 pertinent
1118 4736 1271 4794 titulorum
1294 4755 1312 4794 a
1334 4756 1381 4795 me

64 4837 133 4894 male
156 4837 302 4896 editorum
325 4838 404 4914 quod
428 4837 542 4908 attinet,
565 4857 624 4895 non
646 4837 732 4914 pauci
756 4839 795 4895 ibi
818 4838 993 4909 referuntur,
1019 4855 1095 4914 quos
1118 4839 1190 4895 mihi
1213 4847 1300 4896 antea
1321 4859 1380 4898 non

65 4939 150 5012 visos,
174 4940 225 4998 sed
248 4939 344 4998 editos
366 4939 404 4998 ad
427 4940 566 5015 exempla
587 4941 684 4998 aliena
706 4941 773 5017 plus
796 4941 894 5000 minus
916 4941 1091 5016 imperfecta
1112 4937 1320 5014 Desjardinius
1342 4962 1381 5000 ex

64 5042 226 5120 archetypis
249 5043 399 5118 pleniores
422 5051 451 5100 et
473 5043 687 5101 emendatiores
709 5047 874 5118 proposuit.
917 5043 993 5101 Item
1023 5043 1052 5100 in
1075 5042 1170 5100 titulis
1192 5042 1379 5117 quibusdam,

63 5152 160 5202 utnon
175 5145 273 5221 potuit
287 5163 347 5202 non
362 5145 434 5215 fieri,
448 5161 530 5202 meos
546 5163 661 5203 errores
677 5153 755 5203 recte
771 5145 902 5203 evitavit.
925 5147 967 5202 At
981 5164 1040 5202 non
1057 5144 1151 5201 solum
1167 5145 1196 5202 in
1210 5145 1297 5220 longe
1312 5145 1379 5220 plu·

63 5245 140 5304 rimis
155 5247 312 5306 lectionem
334 5249 485 5306 erroribus
507 5248 691 5324 gravissimis
714 5247 881 5324 inquinavit
901 5257 931 5306 et
951 5255 1029 5306 recte
1051 5247 1147 5304 editos
1170 5263 1259 5323 saepe
1281 5246 1377 5304 denuo

64 5349 179 5422 vitiavit,
192 5349 345 5408 sedetiam
358 5349 437 5408 mala
451 5349 554 5408 fraude
570 5349 670 5408 titulos
687 5350 885 5426 interpolavit.
909 5349 944 5406 Id
957 5349 1053 5408 adhuc
1068 5349 1242 5426 ignorabam
1252 5367 1378 5424 eumque
