3504 6004
407 545 462 596 se.
484 545 532 595 nn
550 543 729 595 nvunnus
748 543 887 596 sensus
904 543 1119 596 nncvnusrs.
1353 525 1424 596 277

1275 649 1428 659 ———...-

123 722 207 780 omnia
224 721 342 779 nomina
362 720 540 790 referuntur,
562 720 682 778 nomina
696 717 875 796 principalia
888 717 919 775 in
935 719 994 776 fine
1008 728 1171 796 ponuntur,
1193 719 1285 778 etiam
1300 737 1426 795 praeno·

123 844 187 894 men,
206 823 282 900 quod
303 841 420 894 moneo,
442 842 508 882 cunr
529 823 561 881 id
583 825 621 881 ab
645 839 700 880 usu
721 817 884 895 recedat.¹)

192 925 350 987 scribendo
372 926 530 984 adfuerunt
552 932 704 984 senatores
725 941 848 982 numero
872 930 1001 998 septem,
1031 943 1069 982 ex
1095 923 1206 999 quibus
1228 925 1250 982 ii
1277 925 1328 1002 qui
1357 944 1427 1002 pos·

122 1041 201 1088 tremo
219 1029 284 1088 loco
306 1035 459 1105 ponuntur
480 1037 653 1104 quaestores
676 1035 753 1086 sunt.
799 1023 949 1084 Numerus
971 1025 1022 1084 ille
1043 1033 1141 1084 utrum
1162 1026 1302 1086 fortuitus
1328 1029 1427 1086 sitan

121 1140 201 1191 aetate
214 1131 404 1206 imperatoria
421 1139 575 1201 statutum,
598 1140 630 1188 ut
651 1131 739 1188 etium
762 1131 792 1187 in
815 1135 936 1187 senatus
959 1129 1105 1187 consultis
1121 1129 1344 1189 conscribendis
1360 1149 1426 1207 sep·

121 1247 168 1294 tem
187 1241 273 1293 testes
295 1233 453 1304 adessent,
474 1251 533 1292 non
556 1233 698 1304 diiudico;
731 1231 893 1290 notandum
916 1238 1014 1290 antem
1037 1231 1239 1290 videturesse
1262 1243 1426 1291 curatorem

121 1349 234 1396 actorum
255 1347 376 1394 senatus
397 1336 475 1394 inter
496 1353 547 1394 eos
570 1336 619 1410 qni
643 1335 800 1393 scribendo
823 1333 971 1391 adfuerint
992 1335 1117 1411 reperiri
1139 1333 1269 1405 nullnm;
1303 1345 1428 1410 apparet

121 1441 204 1516 igitur,
223 1439 252 1496 id
266 1439 347 1514 quod
362 1437 450 1496 etiam
466 1438 534 1496 aliis
556 1437 592 1495 de
614 1437 712 1496 causis
735 1437 896 1494 verisimile
918 1445 973 1507 est,
1002 1437 1033 1495 in
1056 1436 1257 1512 concipiendis
1280 1439 1426 1496 consultis

121 1551 223 1600 senatus
248 1559 315 1598 eum
338 1548 487 1598 versatum
514 1558 574 1598 non
599 1557 668 1597 esse
694 1537 886 1596 sedeciam
908 1539 1078 1616 conscripta
1099 1540 1252 1616 accepisse
1274 1545 1363 1614 atque
1384 1541 1426 1597 ita

119 1645 142 1701 in
155 1653 213 1700 acta
226 1643 389 1714 rettulisse,
412 1642 519 1716 quibus
536 1651 653 1718 praeter
668 1642 736 1716 ipsa
750 1641 869 1700 decreta
889 1641 978 1698 etiem
1002 1642 1166 1700 sententiae
1181 1660 1200 1699 a
1214 1641 1350 1718 patribus
1365 1641 1426 1700 dic·

119 1757 164 1818 tae,
187 1745 299 1804 litterae
320 1745 359 1802 ad
382 1755 517 1802 senatum
540 1745 668 1818 scriptae
687 1743 806 1819 aliaque
828 1743 1063 1802 continebantur.
1107 1742 1156 1800 Ex
1177 1743 1365 1802 senatoribus
1387 1745 1425 1802 iis

120 1848 148 1904 de
166 1865 285 1923 qnorum
308 1853 371 1904 toto
393 1847 511 1904 nomine
532 1853 648 1903 constat
669 1847 727 1904 duo
750 1845 812 1902 noti
836 1857 914 1904 sunt:

187 1949 215 2009 C.
243 1948 354 2024 Oppius
380 1947 454 2022 C.J.
486 1947 543 2006 Vel.
567 1947 689 2006 Seuerus
710 1948 741 2004 in
762 1947 955 2024 inscriptione
977 1947 1104 2005 Auximi
1125 1945 1278 2024 reperta²)
1302 1957 1426 2007 vocetur

121 2052 145 2110 C.
170 2051 274 2128 Oppium
299 2051 329 2110 C.
348 2053 376 2124 s.
405 2050 465 2108 Vel.
489 2050 614 2109 Sudines
636 2049 730 2108 Iulius
753 2049 850 2125 Nepos
876 2049 918 2106 M.
951 2049 1046 2108 Vibius
1069 2049 1209 2110 Solemnis
1231 2049 1366 2123 Seserem
1394 2052 1425 2110 in

117 2155 203 2214 eodem
218 2153 301 2212 titulo
318 2155 386 2210 vivo
402 2151 557 2210 Hadriano
578 2153 673 2210 inciso
696 2153 868 2210 consulatus
890 2151 954 2210 eius
978 2153 1088 2210 mentio
1110 2153 1152 2225 fit,
1177 2159 1209 2210 nt
1231 2172 1298 2211 eum
1320 2171 1347 2212 a.
1366 2154 1423 2213 138

117 2257 287 2315 consularem
309 2255 403 2314 fnisse
424 2261 548 2314 constet.

186 2359 217 2416 P.
243 2358 363 2416 Corsiae
383 2355 420 2414 L.
438 2359 466 2432 s.
482 2357 562 2415 Aem.
581 2357 689 2415 Dexter
710 2357 774 2414 sine
796 2355 891 2432 patris
913 2355 1032 2414 nomino
1055 2355 1191 2431 tribuque
1212 2373 1424 2416 commemora·

116 2469 156 2519 tur
173 2463 201 2520 in
216 2461 300 2520 titulo
313 2457 505 2534 Canusinos)
528 2458 617 2516 uxori
639 2459 704 2517 eius
719 2459 837 2516 Anniae
852 2458 978 2517 Rufinae
999 2459 1146 2529 dedicato,
1169 2459 1245 2517 unde
1266 2479 1334 2518 eum
1357 2477 1424 2538 sep·

115 2565 256 2622 temrirnm
278 2562 438 2639 epulonum
461 2561 555 2620 inisse
577 2559 729 2632 discimus,
751 2559 888 2636 idemque
909 2569 955 2619 est
977 2558 1102 2620 Cassius
1118 2559 1234 2620 Dexter
1256 2571 1285 2620 et
1300 2560 1424 2622 Cassius

113 2665 256 2743 proconsul
278 2665 316 2724 ad
337 2683 426 2740 quem
448 2664 568 2739 saepius
591 2663 745 2740 rescripsit
765 2663 932 2740 Imperator
952 2663 1123 2722 Antoninus
1144 2660 1265 2740 Pius.⁴)
1291 2723 1292 2731 χ

185 2768 216 2826 P.
237 2767 350 2826 Nonius
371 2766 413 2824 M.
431 2767 458 2840 s.
482 2765 629 2824 Macrinus
652 2767 770 2842 ignotus
793 2775 852 2824 est:
887 2765 981 2824 tribus
1003 2765 1121 2823 videtur
1150 2783 1216 2824 esse
1241 2764 1423 2842 Ousientinn)

112 2878 140 2928 ut
157 2871 210 2929 iam
230 2871 261 2928 in
283 2867 452 2928 Nouiorum
472 2875 559 2945 gente
581 2887 620 2926 ex
643 2866 744 2926 Gallia
766 2867 913 2943 cisalpina
937 2874 971 2924 ut
992 2867 1109 2926 videtur
1129 2867 1257 2926 oriunda
1270 2867 1424 2928 Veronen-

112 2973 177 3031 sium
197 2971 468 3046 Brixianorumque
489 2971 579 3029 tribui
589 2970 617 3046 ⁵)
647 2970 736 3028 tertio
757 2969 879 3028 accedat
900 2967 1092 3028 Comercium
1107 2969 1422 3030 Mediolanensiumve.

113 3072 191 3133 Certa
210 3075 315 3151 opinor
336 3073 507 3132 coniectura
528 3075 631 3149 quinto
653 3072 719 3130 loco
741 3072 859 3130 restitui
880 3089 988 3130 nomen

184 3175 260 3252 [Sec.
276 3174 419 3251 Eru]cr[r]
436 3175 476 3233 M.
485 3177 513 3249 f.
531 3173 614 3244 Qun.
634 3175 717 3234 Cleri
738 3174 870 3233 consulis
892 3173 999 3232 iterum
1021 3194 1047 3232 a.
1073 3174 1142 3246 146,
1165 3175 1213 3232 cui
1228 3177 1339 3252 optime
1354 3194 1422 3234 con·

112 3279 221 3338 veniunt
246 3279 360 3337 incerta
388 3296 465 3354 quoe
492 3277 588 3336 adhuc
611 3277 748 3336 visuntur
774 3277 940 3336 litterarum
961 3276 1102 3354 vestigia:
1135 3278 1224 3336 homo
1245 3278 1312 3354 ipse
1333 3287 1422 3338 notus

112 3381 191 3457 esti)

184 3482 230 3542 De
252 3484 290 3541 iis
312 3483 364 3559 qui
386 3489 500 3540 restant
521 3482 616 3542 tribus

185 3585 217 3656 Q.
241 3585 360 3644 Salonio
383 3583 424 3660 (i)
455 3584 489 3656 Q.
505 3586 532 3658 f.
560 3585 625 3656 Qui.
648 3583 710 3659 (vel
737 3583 818 3660 Oris.)
842 3581 944 3659 Lonpo
966 3582 1007 3660 (i)

183 3727 820 3746 ...........................
842 3685 981 3756 Quartino

186 3788 216 3848 C.
240 3791 286 3849 Fi.
310 3788 463 3846 ....vel
488 3789 517 3848 0.
543 3789 665 3846 Ft...

112 3907 161 3948 non
180 3891 273 3950 habeo
295 3890 377 3966 quod
393 3890 499 3962 dicam,
522 3909 618 3966 neque
641 3889 677 3947 de
699 3888 815 3948 Lucilio
830 3891 979 3966 Africano,
1002 3909 1184 3968 quamquam
1207 3893 1351 3951 senatorii
1373 3911 1419 3950 or-

110 3991 174 4050 dinis
189 3995 262 4064 riro,
284 4003 409 4068 genteve
432 3993 497 4050 eius
520 4010 598 4068 quae
619 3991 776 4051 latifundia
798 3993 829 4051 in
850 3993 1004 4069 provincia
1020 3993 1124 4052 Africa
1144 3994 1318 4072 possedisse
1340 3997 1419 4055 vide·

110 4101 157 4166 tur,
177 4097 333 4172 quicquam
354 4095 485 4172 reperire
506 4094 600 4171 potui.

181 4195 355 4276 signatores
382 4205 412 4256 et
444 4197 479 4270 ii,
506 4197 556 4272 qui
580 4197 694 4255 scribac
716 4196 868 4267 dicuntur,
896 4203 926 4254 et
946 4197 1055 4273 reliqui
1078 4199 1168 4257 simul
1187 4199 1331 4258 nominati
1354 4219 1419 4259 curn

111 4294 225 4358 libertini
248 4300 318 4370 sint,
340 4299 450 4358 absunt
471 4307 590 4374 patrum
612 4299 732 4357 nomina
754 4298 917 4373 tribusque.

114 4505 300 4519 h..-

174 4657 196 4718 l)
222 4659 369 4709 Mommsen
387 4659 497 4708 Hermes
517 4658 532 4707 3
552 4673 577 4722 p.
600 4655 642 4706 76.

174 4747 197 4832 J)
225 4749 321 4802 Gruter
339 4751 402 4811 446,
423 4751 449 4799 4.

174 4838 196 4902 ¹)
222 4843 303 4892 Inscr.
323 4842 406 4906 Neap.
428 4841 490 4891 645.

174 4931 197 4994 ⁴)
221 4933 424 4999 urpnspas,
447 4937 471 4996 1,
495 4931 561 4996 res
582 4933 694 4996 17340,
715 4934 740 4996 e,
762 4931 876 4996 aoso.
915 4933 1170 5000 osurientem,
1192 4935 1216 4997 1,
1238 4935 1281 4985 31.

175 5021 196 5086 ⁵)
224 5025 300 5102 (Jorp.
320 5027 344 5077 V
364 5043 388 5090 p.
410 5024 471 5076 339.

176 5113 197 5176 ⁶)
223 5118 252 5168 cf.
272 5118 418 5170 Mommsen
438 5119 496 5169 [nd.
516 5119 584 5170 Plin.
604 5119 645 5168 ed.
664 5119 725 5169 Keil
744 5135 769 5184 p.
789 5115 851 5168 409.
