3520 6006
334 607 405 678 130
764 625 1071 676 snnrnsnusrvm
1089 625 1172 680 von.
1193 626 1222 676 11

325 799 466 860 fratribus
489 801 662 859 Arvalibns.
706 798 765 860 Sed
787 799 875 859 etiam
898 800 1013 860 Romae
1034 800 1099 859 lieri
1121 809 1230 878 potest,
1252 809 1285 859 nt
1306 797 1446 861 Caesaris
1468 809 1567 860 aetate
1588 802 1657 860 lana

325 902 435 961 luerint
456 903 576 980 publice
595 903 741 976 dedicata,
764 905 871 980 quibus
893 923 960 963 cum
983 902 1110 980 collegia
1131 911 1274 980 perpetua
1293 903 1375 962 nulla
1389 904 1532 963 attributa
1546 913 1656 974 essent,

326 1014 478 1064 curatores
506 1005 596 1064 dandi
622 1016 724 1066 essent
750 1027 769 1066 a
794 1005 1030 1086 magistratibus.
1075 1005 1170 1064 Immo
1196 1025 1273 1082 quae
1295 1005 1405 1065 tradita
1426 1006 1599 1084 accepimus
1622 1007 1657 1065 de

325 1107 478 1184 magistris
506 1110 640 1168 vicorum
665 1127 870 1187 pagoramque
895 1127 963 1168 cum
984 1107 1096 1168 liberae
1118 1108 1162 1166 rei
1183 1109 1321 1185 publicae
1343 1110 1451 1167 aetatis
1473 1117 1535 1168 tum
1557 1117 1657 1187 poste·

325 1211 415 1269 rioris
442 1211 521 1270 haud
550 1211 613 1270 scio
640 1230 679 1270 an
705 1212 763 1271 huc
783 1211 970 1289 ,pertineant;
999 1229 1095 1288 neque
1122 1211 1199 1270 enirn
1229 1211 1261 1270 hi
1287 1213 1478 1290 magistratus
1506 1219 1581 1272 sant
1606 1213 1657 1288 qui

324 1313 396 1372 item
423 1331 510 1372 sacra
531 1324 650 1386 curant,
677 1315 730 1374 sed
753 1314 925 1374 sacerdotes
946 1320 1066 1391 praeter
1090 1332 1177 1373 sacra
1198 1313 1287 1373 etiam
1310 1315 1347 1373 ad
1368 1315 1489 1393 publica
1510 1314 1656 1391 quaedam

325 1415 447 1492 negotia
460 1417 569 1476 vocati.
606 1417 656 1475 Ad
677 1417 708 1475 id
724 1418 894 1495 exemplum
910 1395 976 1476 cnm
992 1417 1127 1476 coloniae
1140 1417 1399 1489 constituerentur,
1422 1416 1538 1476 duoviri
1555 1435 1657 1476 eorum

326 1517 410 1594 (nam
432 1517 469 1576 de
491 1519 639 1578 aedilibus
654 1519 720 1578 vide
742 1520 902 1580 observata
924 1541 951 1597 p.
970 1519 1043 1596 145)
1066 1520 1245 1578 iubebantur
1265 1539 1304 1578 ex
1325 1519 1520 1580 decurionum
1537 1519 1658 1579 decreto

324 1629 478 1680 curatores
501 1622 638 1680 fanorum
662 1624 822 1700 quotannis
844 1631 916 1700 quot
937 1631 1088 1698 oporteret
1108 1623 1216 1681 Iacere.
1235 1656 1273 1666 -
1299 1621 1347 1681 De
1368 1623 1444 1698 ipsis
1465 1623 1658 1681 caerimoniis

324 1724 382 1782 hoc
403 1724 498 1782 solum
521 1724 631 1784 adnoto
653 1725 880 1802 antiquissimas
901 1743 969 1784 esse
990 1743 1093 1784 omnes
1115 1726 1276 1796 sacrificia,
1297 1725 1469 1803 pulvinaria
1489 1725 1555 1807 sive
1578 1725 1658 1784 lecti·

326 1826 483 1904 sternial),
505 1827 594 1886 ludos
616 1828 779 1900 circenses3
801 1829 909 1904 quibus
932 1828 1060 1887 scaenici
1082 1845 1141 1886 non
1163 1827 1259 1904 magis
1281 1827 1413 1888 adiuncti
1436 1837 1507 1887 sunt
1520 1845 1613 1904 quam
1628 1828 1658 1886 in

325 1928 404 1987 ludis
428 1930 549 1990 urbanis
570 1929 787 2007 antiquissimis
809 1927 1012 1990 Consualibus
1034 1937 1064 1989 et
1086 1930 1274 2006 Equirribus.

213 2037 285 2087 Cura
411 2029 458 2090 De
480 2032 555 2091 locis
575 2033 715 2092 ludorum
738 2034 967 2109 spectandorum
990 2050 1083 2092 causa
1104 2031 1300 2092 attribuendis
1323 2033 1382 2091 tria
1406 2033 1506 2110 capita
1528 2031 1656 2092 CXXV.

190 2112 309 2210 ¹J¹d⁰f¹²¹²¹
329 2131 475 2192 CXXVI.
492 2133 640 2193 CXXVII
665 2135 707 2193 ita
734 2144 842 2214 agunt,
870 2146 903 2194 ut
929 2136 1058 2212 primurn
1080 2137 1229 2212 pertineat
1250 2135 1286 2193 ad
1309 2135 1397 2194 ludos
1419 2136 1450 2193 in
1471 2135 1658 2207 universum,

326 2239 386 2296 dno
414 2238 474 2296 alia
502 2240 540 2297 ad
567 2239 649 2296 solos
676 2239 839 2297 scaenicos.
882 2237 923 2295 Et
948 2239 1004 2297 hos
1032 2240 1151 2314 quidem
1178 2239 1278 2297 facere
1305 2237 1444 2296 dicuntur
1465 2241 1658 2316 magistratus

325 2340 462 2400 coloniae
489 2341 592 2412 aliive3
620 2341 663 2400 illi
692 2342 840 2399 circenses
866 2341 1053 2416 potissimum
1076 2360 1143 2400 esse
1165 2341 1316 2412 videntur,
1343 2341 1473 2399 maxime
1494 2342 1604 2418 opinor
1626 2343 1658 2414 ii,

326 2461 402 2520 quos
431 2441 592 2522 magistros
619 2444 756 2502 fanorum
783 2443 834 2500 lex
862 2441 961 2502 facere
989 2443 1073 2502 iubet
1100 2463 1125 2502 c.
1149 2441 1318 2503 CXXVIII
1346 2443 1459 2520 (7,17.
1479 2444 1550 2519 19),
1576 2446 1658 2520 quod

185 2551 312 2602 Decurio-
326 2554 415 2621 ceput
437 2545 475 2604 ob
498 2546 527 2618 id
549 2547 649 2624 ipsum
672 2565 707 2604 ea
729 2545 842 2622 excipit
863 2563 940 2622 quae
963 2545 1000 2604 de
1021 2547 1199 2621 spectaculis
1222 2543 1341 2622 santi).
1383 2545 1424 2604 Et
1445 2545 1658 2606 decurionibus

184 2625 314 2748 ⁵⁰22}ss-
326 2647 445 2724 quidem
473 2649 503 2706 in
525 2647 603 2707 ludis
626 2647 797 2726 spectandis
820 2665 958 2706 seorsum
979 2648 1078 2706 locum
1099 2647 1228 2707 dandum
1252 2665 1319 2706 esse
1341 2667 1408 2706 cum
1429 2647 1461 2705 in
1482 2648 1657 2708 universnm

190 2715 307 2822 listerus
326 2759 448 2808 cavetur
468 2769 494 2809 c.
510 2749 629 2809 CXXV
653 2751 697 2827 (id
718 2751 800 2826 quod
821 2750 892 2808 item
916 2749 1100 2826 elgnificatur
1114 2752 1145 2809 in
1159 2751 1225 2827 lege
1240 2750 1319 2809 Iulia
1332 2751 1505 2826 municipali
1515 2749 1571 2827 8)),
1593 2761 1656 2810 tum

322 2853 354 2910 in
383 2853 529 2912 scaenicis
556 2853 636 2910 ludis
663 2871 688 2910 c.
712 2851 863 2912 CXXVII
891 2853 1048 2912 orchestra
1075 2853 1112 2912 iis
1142 2861 1321 2912 reservatur.
1369 2851 1515 2915 Similiter
1541 2853 1658 2914 Romae

324 2973 442 3032 quoque
468 2955 605 3013 obtinuit.
649 2951 771 3014 Scilicet
796 2956 827 3012 in
854 2954 933 3014 ludis
962 2955 1145 3014 circensibus
1171 2956 1228 3014 etsi
1255 2965 1337 3014 certa
1363 2963 1392 3013 et
1418 2965 1565 3031 perpetua
1589 2957 1658 3015 locs

324 3067 479 3119 senatores
503 3076 521 3114 a
543 3055 671 3116 Claudio
692 3057 809 3116 demum
832 3067 1024 3134 acceperunt,
1050 3073 1185 3116 seorsum
1209 3057 1318 3116 dudum
1340 3065 1409 3116 ante
1430 3058 1656 3134 spectabant4).

322 3160 418 3219 Plane
446 3159 490 3218 sic
517 3160 548 3217 in
576 3159 697 3218 colonia
723 3157 871 3219 Genetiva
899 3178 958 3218 non
986 3166 1068 3219 certa
1094 3161 1241 3235 quaedam
1270 3159 1336 3218 loca
1362 3161 1433 3218 circi
1461 3161 1657 3219 decurionum

322 3263 446 3341 propria
473 3262 607 3334 suerunt,
636 3263 689 3321 sed
719 3281 785 3320 cum
812 3261 875 3320 ludi
905 3262 1010 3320 tierent
1037 3279 1092 3338 pro
1120 3281 1153 3319 re
1181 3263 1265 3321 locus
1292 3262 1412 3338 qnidam
1443 3262 1656 3323 decurionibus

323 3366 412 3425 datus
439 3365 616 3442 adsignatus
642 3364 801 3424 relictusve
828 3373 882 3422 est.
926 3365 969 3424 At
994 3365 1026 3423 in
1052 3363 1133 3423 ludis
1160 3363 1304 3424 scaenicis
1331 3365 1521 3424 notissimum
1550 3375 1599 3425 est
1625 3367 1656 3425 in

323 3539 527 3551 unuh-nunnu—

400 3663 424 3726 1)
449 3665 637 3729 Intelleguntur
660 3663 716 3714 aine
741 3663 820 3713 dubio
845 3664 1001 3714 lectisternia
1020 3663 1140 3714 fanornm
1159 3678 1262 3725 eornm,
1288 3663 1316 3712 ia
1335 3661 1436 3730 qur'dua,
1463 3669 1492 3713 ut
1510 3665 1547 3713 ait
1567 3665 1656 3716 Livius

323 3758 372 3819 36,
389 3759 418 3820 1,
435 3760 460 3807 2.
480 3759 528 3820 42,
543 3757 624 3818 30,8
645 3755 688 3818 (ei.
708 3758 757 3818 40,
772 3755 821 3817 59,
836 3756 878 3818 7),
904 3755 1081 3806 lectisternium
1099 3756 1217 3806 maiorem
1231 3763 1332 3823 partera
1350 3757 1412 3806 curri
1423 3755 1486 3823 fieri
1503 3755 1576 3808 solet.
1615 3757 1655 3808 ct.

323 3851 379 3901 niv.
394 3851 419 3912 5,
434 3849 479 3910 52,
493 3849 523 3899 6:
543 3849 570 3898 ia
589 3847 661 3898 Iovia
678 3848 752 3916 epulo
771 3865 828 3899 rrum
846 3847 911 3898 aliti
928 3863 1002 3914 quum
1020 3849 1047 3897 ia
1069 3845 1196 3914 Capitolio
1211 3847 1337 3915 pulvinar
1354 3849 1451 3916 sarmiti
1463 3851 1567 3915 puteat!

398 3939 423 4004 2)
451 3941 594 4006 Propterea
613 3942 691 3991 etiarn
711 3942 766 3992 ludi
784 3942 819 3991 ibi
840 3941 997 4006 praecedunt
1016 3942 1151 3992 sacrificia.

399 4031 425 4096 ⁸)
454 4035 487 4083 V.
503 4033 568 4084 1382
593 4047 652 4083 cese
676 4035 732 4101 poia
755 4049 838 4084 corum
857 4031 938 4084 Iudeis
956 4049 1039 4084 cumve
1056 4031 1215 4099 plodiotorea
1234 4031 1284 4083 idei
1296 4031 1447 4101 puqncbuat
1464 4033 1490 4082 irr
1509 4033 1565 4085 loco
1584 4049 1655 4084 aeno-

322 4127 389 4178 torio
409 4125 567 4177 decurionum
586 4127 782 4192 contemptorum
800 4123 882 4176 sedete
900 4141 960 4175 nece
978 4131 1098 4192 spectato.
1137 4125 1177 4176 Cf.
1197 4142 1220 4174 v.
1237 4125 1298 4176 133.

400 4217 424 4281 ⁴)
452 4219 505 4270 Dio
519 4219 563 4280 60,
579 4220 608 4268 7:
628 4211 671 4266 καὶ
691 4207 768 4285 icipuv
787 4215 829 4286 piu
847 4235 894 4266 που
913 4216 953 4267 rel
971 4204 1090 4285 πρὸτερον
1110 4214 1134 4266 ἓν
1153 4211 1217 4281 adad
1236 4215 1279 4282 (τῷ
1292 4205 1447 4286 Ιπποδρὸμῳ)
1466 4211 1522 4282 lstp
1540 4215 1581 4267 ani
1593 4209 1656 4268 rard

323 4307 389 4378 adiit
413 4302 562 4368 deiecerat
582 4299 613 4359 ro'
630 4327 657 4359 τι
676 4307 798 4372 βουλεῦον
816 4307 857 4360 eal
875 4299 905 4359 ad
926 4307 1085 4360 leutbranni
1105 4300 1119 4360 d
1140 4297 1243 4374 ὅμιλος,
1270 4302 1317 4374 ἐφ’
1337 4297 1410 4376 οὗπερ
1429 4307 1496 4360 τοῦτ’
1520 4305 1655 4378 ὒνομίσθη,

324 4396 352 4454 od
371 4400 453 4473 piscor
473 4400 514 4454 roi
531 4399 667 4470 τεταγμίνα
687 4398 763 4470 σφίσι
781 4395 870 4474 χωρία
889 4394 1061 4452 cirradidsrrro·
1082 4391 1153 4452 &aad
1171 4392 1227 4452 adra
1249 4392 1462 4465 meditareris
1480 4419 1507 4452 τι
1528 4391 1657 4472 ἶδραντῆν

323 4494 362 4548 νῦν
384 4483 530 4560 odressele
548 4495 698 4553 douleusate
717 4488 837 4563 ἆπίκρινι.
867 4495 942 4546 Illam
962 4497 1151 4561 separatIonem
1169 4511 1227 4546 cum
1239 4497 1328 4548 Livias
1344 4497 1367 4558 1,
1382 4495 1416 4546 35
1436 4495 1470 4546 ad
1489 4497 1575 4561 ipsum
1594 4499 1657 4548 circi

325 4590 486 4641 conditorem
505 4589 627 4651 retrahat,
648 4589 702 4638 Dio
718 4588 761 4650 55,
777 4590 810 4638 22
831 4588 865 4637 ad
877 4589 1023 4653 Augustum
1042 4603 1163 4638 revocare
1177 4587 1290 4648 videtnr3
1311 4603 1419 4652 quornm
1437 4588 1501 4638 illud
1520 4589 1553 4638 sd
1567 4603 1655 4639 renum

323 4683 429 4748 propius
453 4683 576 4732 accedere
600 4689 625 4730 et
647 4681 741 4732 Iustini
766 4681 798 4730 de
822 4681 1026 4731 Massiliensibus
1049 4681 1164 4731 narratio
1191 4680 1229 4742 (v.
1249 4697 1275 4746 p.
1292 4681 1342 4731 1³1
1367 4687 1419 4730 not.
1439 4679 1470 4742 6)
1495 4682 1655 4739 οεῐειιάἰῑ,εῑ

323 4775 388 4826 haec
406 4777 449 4824 lex
468 4775 533 4839 ipsa.
566 4774 636 4824 Nam
655 4787 725 4836 sane,
746 4773 796 4824 ulsi
817 4773 936 4824 Caesaris
956 4781 1070 4838 tempora
1089 4773 1216 4823 eiusmodi
1235 4774 1363 4838 separatio
1377 4774 1404 4823 in
1417 4771 1479 4822 urbe
1493 4772 1653 4834 obtinuisset,

323 4869 351 4918 in
369 4867 425 4932 lege
444 4865 593 4931 municipali
612 4881 658 4916 sua
677 4867 775 4931 hacque
794 4867 910 4916 coloniae
930 4880 991 4916 snae
1010 4881 1066 4915 eam
1085 4881 1139 4915 non
1158 4865 1292 4930 posuisset.
1321 4865 1382 4916 Non
1402 4865 1498 4930 optime
1516 4866 1548 4914 de
1565 4865 1614 4915 bac
1627 4881 1655 4914 ra

324 4961 376 5025 egit
393 4959 523 5010 Beckerns
543 4959 570 5008 in
589 4959 685 5009 enchir.
702 4961 856 5021 2,1,282;
876 4973 924 5008 nec
943 4960 973 5010 L.
992 4957 1162 5009 Priedlinder
1181 4957 1278 5007 enehIr.
1292 4956 1323 5020 4,
1338 4959 1391 5008 497
1411 4958 1473 5007 satis
1491 4957 1611 5007 distinxit
1627 4959 1654 5006 id

323 5053 355 5102 de
380 5067 430 5117 qno
458 5057 512 5101 tota
535 5052 649 5116 quaestio
673 5051 768 5115 pandet
792 5051 831 5100 ius
855 5051 988 5117 spectandi
1012 5051 1039 5102 in
1063 5051 1122 5101 Ioco
1147 5057 1265 5115 separato
1291 5056 1317 5099 et
1334 5051 1374 5099 ius
1391 5050 1507 5100 locorum
1526 5055 1653 5100 certorum

322 5151 579 5211 perpetuorumqne.·
600 5141 655 5206 [Ne
679 5157 710 5194 ea
734 5143 838 5209 quidem
861 5159 927 5209 quae
951 5151 1010 5209 post
1033 5143 1177 5194 Beckerum
1202 5149 1228 5192 et
1245 5139 1461 5193 Friedlinderum
1483 5157 1531 5206 ego
1556 5141 1589 5191 de
1614 5141 1654 5191 his

321 5239 399 5289 rebus
423 5238 532 5301 exposui
556 5237 584 5286 in
608 5236 743 5286 annalibus
768 5237 877 5287 instituti
903 5236 1032 5288 arehaeol.
1053 5251 1076 5287 a
1092 5237 1163 5287 1856
1182 5251 1208 5302 p.
1224 5235 1258 5287 54
1266 5251 1299 5285 ss.
1319 5235 1352 5285 cI.
1375 5235 1444 5285 1859
1464 5251 1490 5300 p.
1506 5235 1558 5284 122
1578 5249 1653 5301 quae·

324 5331 433 5382 ationem
452 5329 595 5381 absolvunt.
633 5327 764 5396 floram]
