3504 6004
328 535 401 608 208
731 555 816 608 voti.
844 555 1242 618 1Auu1Qv1ssrunnvu.
1532 560 1641 610 ees-aea

327 731 377 792 De
399 731 492 790 multa
506 739 606 790 autem
628 751 705 808 quae
719 731 859 809 leguntur
872 731 903 790 in
925 731 1012 790 titulo
1026 729 1183 802 Lacerius,
1206 749 1242 789 ea
1256 731 1294 788 ad
1311 731 1434 790 verbum
1455 730 1516 789 fera
1529 731 1647 790 redeunt

327 833 358 892 in
379 833 445 911 lege
467 832 612 892 Bantius:
641 839 682 892 aei
703 837 863 910 quis-may.
885 834 1002 893 multum
1022 838 1156 910 inrupere
1176 832 1252 892 volet
1266 877 1273 892 .
1289 875 1297 891 .
1313 875 1345 892 ..
1370 833 1466 905 lieete,
1488 839 1518 892 et
1533 835 1646 894 omuino

328 935 486 995 sollemnia
507 935 581 994 haee
602 936 725 996 fuerunt
745 945 775 994 et
800 935 1019 1013 quodammodo
1041 936 1198 995 tralaticia.
1235 967 1276 978 -
1328 933 1376 994 De
1402 934 1511 994 iudicio
1536 937 1647 1012 privato

327 1055 404 1114 quae
433 1047 576 1096 caventur
607 1048 641 1097 ut
669 1041 770 1116 magni
798 1041 939 1114 momepti
961 1045 1033 1098 sunt
1053 1046 1176 1118 propter
1203 1037 1330 1097 aetionis
1352 1049 1490 1097 naturam
1518 1045 1648 1097 aeeurate

328 1139 567 1214 determinatam,
598 1141 641 1199 ita
667 1161 729 1200 rem
756 1142 843 1202 facile
870 1142 1061 1219 assequimur
1086 1141 1197 1200 collata
1222 1140 1352 1200 formula
1372 1141 1529 1201 notissima
1549 1161 1648 1202 manus

327 1242 497 1301 iniectionis
520 1244 666 1304 adversus
688 1245 848 1304 iudicatum
871 1245 966 1304 relata
979 1263 1018 1303 ex
1033 1243 1098 1302 XII
1119 1242 1288 1302 tabularum
1309 1244 1553 1322 interpretatione
1574 1243 1648 1320 apud

330 1341 439 1403 Gaium
463 1345 492 1416 4,
508 1343 562 1402 21:
590 1349 666 1422 quod
687 1356 717 1405 tu
738 1348 807 1405 rullei
835 1348 979 1406 iudicatus
1007 1349 1067 1405 siue
1093 1348 1245 1404 damnatus
1273 1364 1301 1404 es
1328 1351 1487 1405 sestertium
1514 1346 1548 1403 X
1564 1345 1648 1416 milia,

329 1448 443 1523 quaudo
471 1445 547 1523 [eal]
576 1468 633 1506 nou
654 1449 773 1520 solvisti,
797 1449 830 1508 ob
853 1468 914 1508 eam
932 1469 989 1508 rem
1018 1469 1067 1526 epe
1094 1449 1145 1507 titt
1165 1452 1321 1508 sestertium
1347 1447 1383 1506 X
1404 1449 1513 1507 milium
1538 1449 1651 1508 iudicati

329 1567 431 1608 munus
452 1553 548 1608 tuicio.
591 1551 627 1609 In
649 1552 735 1610 titulo
757 1569 811 1610 eur
832 1553 872 1610 sit
894 1571 953 1611 nou
975 1553 1107 1623 iudicati,
1135 1551 1188 1611 sed
1207 1569 1263 1628 pre
1285 1551 1425 1624 iudicate,
1455 1551 1533 1610 idem
1554 1557 1651 1609 anatur

331 1651 431 1710 statim
454 1651 599 1730 explic-at:
619 1664 722 1728 postea
744 1656 884 1730 quaedam
900 1656 972 1730 tepea
996 1673 1029 1712 ee
1052 1655 1121 1711 eliis
1141 1653 1311 1730 quibusdem
1326 1657 1420 1711 cauete
1441 1646 1503 1730 ‘pro
1524 1647 1651 1712 iudicate'

329 1771 429 1812 munus
445 1757 618 1814 iniectionem
638 1759 668 1814 iu
690 1759 829 1834 quosdam
851 1758 994 1816 dederuut.
1023 1753 1117 1815 Cuius
1140 1773 1194 1832 pro
1216 1753 1347 1814 iudicato
1370 1773 1477 1814 manus
1493 1755 1653 1814 iniectionis

330 1855 477 1932 exemplis
500 1875 519 1914 a
543 1855 621 1917 Gaio
648 1859 756 1918 adlatis
783 1859 841 1918 hoe
867 1859 926 1918 iam
954 1859 1106 1918 addemus.
1150 1856 1229 1916 Nam
1256 1874 1354 1933 poena
1380 1857 1454 1916 haee
1480 1874 1652 1934 quamquam

331 1975 369 2016 ex
395 1956 544 2018 Luceriae
571 1961 635 2020 iure
657 1962 800 2034 innotuit,
826 1970 891 2021 tuto
919 1962 958 2020 ad
980 1959 1139 2034 Quiritium
1162 1977 1283 2036 quoque
1304 1961 1511 2019 transferetur.

895 2183 1098 2194 ----

417 2505 488 2566 299
527 2509 572 2568 Oa
594 2511 638 2570 tlte
661 2511 702 2588 lip
724 2515 759 2587 os
774 2531 793 2570 a
822 2511 923 2570 bronze
943 2529 1020 2570 ause.
1064 2508 1226 2570 Vasaulum
1257 2527 1317 2585 quo
1346 2509 1414 2569 loeo
1443 2517 1595 2586 repertum
1615 2510 1657 2581 sit,
1734 2529 1735 2540 ¹

332 2608 502 2689 ignoratum
525 2614 597 2670 emit
617 2615 649 2673 id
670 2633 803 2674 museum
827 2613 1033 2674 Britannicum
1055 2632 1151 2691 nuper
1171 2611 1286 2671 Romae
1309 2631 1328 2670 a
1349 2609 1546 2672 Castellauio.

583 4449 629 4504 Q·
643 4447 739 4489 tstnlo
763 4446 810 4502 Q·
825 4445 860 4488 F·
883 4443 1085 4488 ussissctos·
1101 4440 1331 4486 PROTREBlBOS·
1349 4443 1430 4486 sectr

425 4625 509 4685 Misit
535 4635 566 4685 et
592 4627 695 4685 charta
717 4641 892 4702 expressam
919 4631 949 4682 et
970 4631 1107 4683 accurate
1129 4621 1310 4699 descriptam
1333 4621 1372 4680 A.
1395 4618 1427 4682 S.
1449 4575 1572 4700 Muiray
1591 4619 1662 4680 Iron·

344 4729 499 4789 diniensis.

425 4831 571 4890 Faciendi
599 4830 776 4890 vocabulum
810 4849 876 4888 cum
909 4831 940 4887 in
967 4828 1061 4887 titulis
1095 4829 1204 4888 votivis
1241 4829 1295 4887 vix
1320 4826 1421 4886 loeum
1447 4827 1563 4900 habeat,
1592 4825 1659 4881 huuc

343 4933 438 5011 magis
454 4933 542 4993 eredo
558 4933 708 5014 publicum
725 4949 803 5008 esse,
825 4941 857 4990 ut
879 4933 936 4990 hou
959 4933 1142 5010 significetur
1163 4929 1370 5008 magistratum
1393 4928 1546 4988 vasculum
1567 4925 1661 4985 fauisse

342 5037 550 5096 faciendumve
565 5053 687 5096 curasse
703 5035 806 5114 pupuli
821 5035 954 5106 numine3
977 5043 1010 5092 ut
1027 5053 1083 5111 pru
1101 5032 1240 5111 po[plod]
1263 5041 1310 5091 est
1331 5033 1363 5090 in
1384 5031 1472 5091 titulo
1499 5047 1580 5090 sauro
1600 5028 1658 5084 item

329 5140 557 5217 'antiquissimo
580 5137 638 5195 vol.
662 5139 677 5196 Ι
699 5157 726 5196 u.
754 5135 822 5196 188.
865 5135 945 5196 Nam
965 5155 1019 5213 pro
1038 5137 1157 5195 traditos
1176 5134 1258 5211 quod
1280 5141 1336 5207 est,
1358 5134 1389 5193 id
1411 5141 1458 5194 est
1474 5151 1529 5210 pro
1548 5129 1658 5190 tribulus

346 5241 395 5319 (ut
427 5242 517 5301 tribus
550 5240 658 5302 Latine
684 5239 806 5302 Umbris
840 5249 887 5299 est
913 5239 1001 5299 modo
1030 5242 1145 5317 tri-su,
1178 5237 1267 5298 modo
1296 5235 1428 5314 tre-su),
1455 5234 1556 5296 eudem
1580 5227 1657 5296 rediit
