3504 6004
376 625 451 698 204
782 643 867 697 vor..
895 645 1293 708 1auvrov1ssnmavu.
1650 649 1694 698 ser

788 748 940 756 ——-—

374 817 548 878 Mutuescae
570 817 637 877 viae
660 815 797 878 Salariae
819 819 946 896 rigorem
969 829 1050 880 certo
1073 821 1172 880 uvais
1196 841 1340 898 apparere
1366 840 1433 880 cum
1456 820 1601 897 sepulcris
1621 821 1697 878 iuxta

375 940 440 980 eam
470 921 582 998 passIm
604 919 767 980 collocatis.
813 918 949 982 Secundo
977 923 1077 999 lapide
1104 933 1175 1002 post
1195 925 1294 983 vicum
1320 924 1440 984 Novum
1469 923 1590 983 transiri
1609 923 1695 980 rivum

374 1025 542 1084 venientem
570 1023 678 1082 avico
699 1023 818 1100 Poggio
841 1023 968 1097 Nativo,
998 1027 1109 1086 dictum
1137 1027 1264 1102 prImum
1284 1029 1367 1101 socco
1393 1028 1425 1084 dt
1453 1026 1561 1102 Poppio
1589 1024 1694 1096 Nolim,

375 1145 445 1186 mox
469 1127 558 1186 Fosso
580 1125 658 1184 della
686 1126 778 1198 Villo3
802 1145 868 1186 eum
891 1128 988 1188 rivum
1010 1148 1065 1206 pro
1087 1149 1119 1186 re
1142 1148 1202 1188 nou
1230 1130 1273 1188 ita
1293 1129 1435 1206 exiguum
1450 1127 1557 1187 deiude
1577 1127 1697 1186 incidere

375 1230 407 1286 in
428 1229 549 1288 fluvium
571 1227 741 1287 Feriarum.
783 1229 849 1288 Iam
871 1231 963 1307 igitur
984 1231 1176 1309 intellegitur,
1199 1233 1282 1290 cuius
1303 1231 1393 1290 rivuli
1414 1239 1505 1309 ponte
1526 1231 1623 1308 prima
1641 1231 1698 1288 viae

378 1333 475 1409 portio
497 1331 665 1391 definiatur.
696 1364 735 1374 -
786 1329 947 1392 Transitus
969 1333 1077 1393 deinde
1099 1337 1210 1394 montis
1233 1335 1404 1411 Appennini
1426 1335 1505 1392 iusto
1537 1333 1606 1392 loco
1626 1352 1698 1409 repe-

372 1434 462 1506 ritur3
498 1455 566 1494 nam
600 1434 757 1490 terminum
790 1435 894 1494 habuit
927 1435 1058 1496 secunda
1090 1438 1199 1513 portio,
1232 1438 1259 1496 si
1291 1447 1371 1495 recte
1404 1452 1546 1494 numeros
1578 1435 1695 1492 restitui-

371 1555 455 1608 mus,
494 1537 557 1596 fere
599 1541 637 1598 ad
678 1539 875 1598 centesimum
916 1539 1061 1616 lapidem,
1111 1557 1199 1616 quem
1242 1558 1280 1598 ex
1322 1539 1451 1597 miliario
1490 1539 1516 1596 Ι.
1554 1535 1594 1596 N.
1628 1533 1696 1594 slot

371 1648 489 1700 constat
522 1641 643 1700 stetisse
671 1660 764 1718 prope
786 1641 969 1718 Trisungum
999 1642 1030 1698 in
1055 1641 1134 1700 valle
1157 1641 1283 1701 Truenti
1313 1641 1474 1716 superiore.
1522 1671 1560 1682 -
1605 1638 1697 1697 Tertia

372 1760 458 1818 pars,
502 1743 528 1800 si
568 1751 648 1802 recte
681 1745 782 1802 hiatus
818 1743 947 1820 explevi,
984 1743 1096 1820 duplex
1132 1753 1193 1816 est,
1233 1754 1265 1802 ut
1304 1745 1417 1803 bivium
1452 1742 1544 1800 fuerit
1579 1741 1639 1800 fere
1666 1740 1697 1796 ad

372 1845 568 1904 centesimum
590 1855 852 1922 sternerenturquc
875 1844 941 1902 viae
977 1845 1046 1904 inde
1082 1846 1158 1906 duas
1195 1846 1288 1905 altera
1314 1846 1353 1904 ad
1379 1845 1595 1904 Interamnium
1617 1843 1697 1902 Prae-

369 1947 563 2006 tuttianorum
610 1949 699 2008 hodie
741 1949 874 2017 Tarumo3
931 1948 988 2006 boc
1036 1949 1114 2008 euim
1156 1949 1299 2026 oppidum
1338 1948 1425 2006 iuxta
1464 1945 1631 2006 Truentum
1667 1944 1697 2002 ad

369 2049 518 2110 Asculum
550 2050 695 2110 Picenum
740 2059 822 2128 patet
860 2051 1022 2126 significari
1055 2072 1082 2110 v.
1113 2051 1160 2110 13.
1222 2051 1414 2128 Quamquam
1456 2049 1483 2108 si
1522 2049 1572 2108 cui
1612 2049 1695 2126 magis

370 2153 500 2232 placebit
526 2153 605 2213 viam
634 2152 779 2214 Salariam
807 2154 935 2228 septimo
962 2155 1082 2213 saeculo
1110 2153 1256 2212 Asculum
1288 2172 1348 2211 nou
1376 2151 1529 2228 attigisse,
1559 2152 1613 2210 sed
1639 2158 1698 2228 post

372 2257 545 2333 Appennini
571 2257 728 2316 transitum
755 2255 970 2314 Interamnium
992 2257 1145 2334 petivisse,
1175 2257 1266 2316 verbs
1288 2273 1364 2332 quae
1391 2255 1424 2314 in
1445 2253 1536 2314 titulo
1558 2269 1698 2312 remanent

267 2417 271 2424 ,
372 2359 462 2417 ctiam
484 2359 553 2417 buic
567 2359 700 2436 opinioni
722 2358 810 2417 facile
832 2357 1145 2418 accommodabuntur.
1189 2358 1257 2418 Hoc
1279 2367 1367 2416 autea
1381 2357 1440 2414 iam
1462 2357 1696 2416 intellexeramus

369 2463 604 2534 Interamnium,
636 2461 716 2537 quod
744 2461 906 2520 secundum
933 2461 1086 2521 itineraria
1118 2463 1287 2539 posteriora
1324 2479 1343 2517 a
1371 2457 1491 2520 Salaria
1521 2459 1695 2536 aliquantum

370 2566 472 2640 distat,
495 2577 630 2644 tempore
651 2568 762 2626 liberae
784 2565 828 2623 rei
854 2563 991 2641 publicae
1013 2565 1051 2623 ad
1083 2565 1182 2641 ipsam
1202 2564 1281 2623 viam
1301 2563 1451 2639 publicam
1478 2563 1587 2622 fuisse.
1629 2559 1696 2618 Nan

369 2669 523 2746 prodierat
544 2679 612 2728 aute
639 2688 733 2730 anuos
761 2670 823 2728 fare
851 2669 1069 2748 quinquagInta
1094 2667 1124 2724 iu
1151 2684 1224 2744 agro
1251 2665 1322 2744 pagi
1345 2663 1447 2727 Sancti
1470 2663 1578 2725 Omeri
1606 2664 1696 2740 cippus

369 2769 419 2830 hic
440 2772 588 2832 miliarias
612 2771 647 2848 (l.
670 2773 710 2830 N.
735 2770 815 2832 6258
841 2797 878 2824 =
901 2773 961 2832 vol.
986 2775 1001 2830 1
1025 2793 1054 2831 n.
1078 2768 1152 2846 561)

890 3013 906 3054 u
924 3026 931 3041 ·
948 3009 1063 3056 casem
1081 3027 1087 3040 ·
1104 3011 1149 3068 Q·
1166 3010 1182 3052 r

932 3119 1140 3178 usvllllllls

1004 3255 1077 3299 cxrx

991 3375 1080 3418 ROMA

371 3585 424 3660 qui
445 3601 542 3662 pagus
569 3603 636 3643 cum
657 3583 772 3645 medius
795 3585 835 3643 sit
855 3586 935 3644 inter
955 3585 1101 3644 Asculum
1123 3592 1153 3642 et
1173 3583 1403 3656 Interamnium,
1436 3583 1497 3642 iam
1521 3583 1594 3642 olim
1615 3581 1692 3640 edens

369 3703 446 3746 eum·
459 3687 579 3765 cippum
596 3687 737 3746 adnotavi
759 3707 826 3746 eum
849 3695 935 3746 extra
957 3688 1086 3763 rigorem
1110 3687 1176 3745 vias
1198 3685 1333 3746 Salariae
1355 3687 1536 3764 posteriorIs
1559 3669 1692 3765 prodiisse

370 3788 472 3865 itaque
494 3791 644 3865 pertinere
667 3790 760 3850 videri
783 3789 820 3848 ad
842 3788 989 3850 Salariam
1012 3790 1092 3848 viam
1115 3789 1152 3848 ab
1175 3809 1210 3848 ea
1231 3808 1320 3867 quam
1342 3791 1481 3849 novimus
1505 3789 1652 3848 diuersam
1670 3790 1692 3842 ct

369 3891 572 3952 vetustiorem.

455 3991 513 4054 Sed
535 3996 641 4073 cippus
677 3997 705 4056 is
738 4016 826 4073 quem
854 3995 943 4055 modo
970 3995 1072 4056 rettuli
1101 4015 1167 4054 cum
1203 4015 1239 4054 eo
1266 4014 1354 4072 quem
1387 4013 1442 4054 nos
1470 3996 1589 4056 edimus
1616 3990 1689 4052 titulo
1736 4051 1737 4080 3

371 4095 460 4154 etiam
495 4099 620 4174 propius
658 4099 833 4158 coniunctus
869 4099 987 4158 videtur
1022 4116 1099 4158 esse.
1157 4098 1356 4156 Attribuimus
1389 4116 1457 4156 eum
1494 4098 1593 4157 adhuc
1627 4095 1689 4152 duce
1736 4093 1737 4104 ¹

369 4197 539 4275 Borghesio
560 4197 596 4258 L.
620 4199 753 4260 Caecilio
775 4201 813 4276 Q.
837 4201 856 4260 f.
880 4201 1003 4260 Metello
1025 4199 1142 4258 consuli
1164 4200 1344 4276 etquidem,
1377 4219 1443 4258 cum
1462 4199 1553 4260 huius
1576 4197 1689 4258 nominis
1736 4203 1737 4234 ἐ

370 4299 447 4360 duos
470 4302 610 4362 consules
633 4303 704 4362 fusti
726 4305 887 4363 exhibeant
901 4323 927 4362 a.
944 4313 974 4362 et
989 4301 1049 4361 612
1064 4312 1094 4360 et
1109 4301 1179 4375 637,
1202 4303 1307 4362 horum
1322 4302 1493 4379 posteriori.
1539 4303 1603 4360 Iam
1622 4313 1689 4365 vero,

369 4420 436 4460 cum
464 4403 513 4460 via
539 4404 613 4464 haec
642 4413 704 4464 tam
730 4423 748 4464 a
774 4423 898 4464 censore
930 4405 1010 4463 retici
1038 4405 1170 4480 potuerit
1195 4424 1286 4482 quam
1315 4425 1334 4463 a
1359 4406 1501 4477 consule,
1539 4405 1608 4464 item
1634 4397 1686 4458 v.3
1735 4401 1736 4404 ’

368 4503 434 4579 pari
454 4505 518 4564 iure
540 4515 570 4564 et
591 4506 672 4583 [co]a.
697 4507 828 4584 suppleri
850 4507 947 4582 possit
962 4517 992 4566 et
1014 4505 1122 4584 [ceu]e,
1146 4527 1225 4568 nuuc
1239 4517 1336 4566 autem
1360 4507 1541 4585 patefactum
1563 4507 1602 4566 sit
1622 4503 1687 4560 viam

371 4603 518 4666 Salariam
540 4613 736 4668 instauratam
760 4627 826 4670 esse
850 4609 893 4686 [ic
914 4611 1048 4686 secatque
1074 4609 1192 4682 Caecili,
1215 4610 1335 4669 omnino
1358 4609 1520 4668 videndum
1543 4617 1604 4680 est,
1630 4619 1688 4664 num

367 4706 445 4798 forte
467 4705 618 4769 Caecilius
654 4712 702 4770 hic
735 4713 761 4770 is
797 4714 863 4788 Ipse
891 4712 940 4785 sit,
977 4714 1061 4772 cuius
1090 4731 1198 4772 nomen
1230 4713 1316 4790 cippo
1353 4711 1398 4770 illi
1432 4713 1608 4790 inscriptum
1640 4711 1686 4765 est·

368 4808 409 4867 Et
422 4827 561 4871 censores
584 4813 703 4888 quidem
720 4813 867 4874 Caecilios
883 4813 954 4874 lasti
971 4815 1114 4902 exbibeut
1132 4816 1272 4891 quinque,
1295 4833 1322 4872 a.
1340 4813 1398 4873 623
1416 4813 1455 4889 Q.
1470 4813 1621 4874 Metellum
1633 4807 1686 4867 bia·

366 4911 551 4986 cadouicum,
573 4933 600 4972 a.
629 4915 689 4974 634
718 4915 756 4990 Q.
779 4917 934 4976 Metellum
957 4917 1159 4989 Baliaricum,
1192 4915 1307 4975 coss
1330 4913 1368 4976 L.
1391 4915 1561 4988 Metellum,
1589 4933 1613 4971 a
1636 4905 1684 4968 652

370 5011 408 5088 Q.
430 5013 585 5075 Metellum
600 5015 791 5078 Numidicum
817 5029 847 5078 et
869 5017 903 5079 C.
920 5020 1073 5080 Metellum
1089 5018 1276 5099 Caprariam,
1299 5019 1410 5094 quibus
1432 5018 1560 5097 singulis
1580 5017 1608 5074 iu
1629 5027 1684 5069 cum

368 5134 456 5192 quem
485 5118 602 5180 edImus
630 5119 747 5179 titulum
776 5120 856 5182 idem
882 5122 929 5180 ius
956 5132 1017 5194 est,
1043 5123 1103 5181 nisi
1124 5122 1203 5180 forte
1225 5121 1341 5180 duobus
1363 5119 1494 5181 MeteIIIs
1518 5122 1550 5180 iu
1575 5131 1684 5177 censura

367 5219 491 5298 collegis
513 5221 571 5282 boc
598 5223 714 5296 obstat,
746 5223 826 5300 quod
848 5224 880 5281 in
895 5224 1001 5284 horum
1024 5225 1120 5284 altero
1142 5233 1209 5284 utro
1238 5223 1360 5283 omissio
1381 5221 1582 5302 praenominis
1606 5217 1682 5275 etiam

367 5321 463 5397 magis
490 5324 622 5386 offendit.
667 5323 726 5386 Sed
753 5327 859 5404 cippus
887 5327 1034 5387 miliarius
1063 5326 1316 5389 Sanctomerauus
1350 5327 1375 5384 si
1405 5326 1538 5386 eiusdem
1563 5317 1680 5382 censerit
